2018-04-04,03:30:36.131493,5638.339,1.995
2018-04-04,03:30:37.255051,5623.687,1.995
2018-04-04,03:30:38.374852,5601.709,1.995
2018-04-04,03:30:39.495271,5596.825,1.995
2018-04-04,03:30:40.615917,5589.499,1.995
2018-04-04,03:30:41.738241,5582.173,1.995
2018-04-04,03:30:42.858718,5579.731,1.995
2018-04-04,03:30:43.994875,5587.057,1.995
2018-04-04,03:30:45.115507,5567.521,1.995
2018-04-04,03:30:46.236476,5584.615,1.995
2018-04-04,03:30:47.357555,5589.499,1.995
2018-04-04,03:30:48.476578,5601.709,1.995
2018-04-04,03:30:49.598525,5606.593,1.995
2018-04-04,03:30:50.718686,5606.593,1.995
2018-04-04,03:30:51.839114,5609.035,1.995
2018-04-04,03:30:52.959792,5611.477,1.995
2018-04-04,03:30:54.084432,5633.455,1.995
2018-04-04,03:30:55.205878,5626.129,1.995
2018-04-04,03:30:56.327556,5628.571,1.995
2018-04-04,03:30:57.448001,5635.897,1.995
2018-04-04,03:30:58.568555,5640.781,1.995
2018-04-04,03:30:59.689237,5645.665,1.995
2018-04-04,03:31:00.810847,5648.107,1.995
2018-04-04,03:31:01.930897,5648.107,1.995
2018-04-04,03:31:03.052927,5652.991,1.995
2018-04-04,03:31:04.174689,5657.875,1.995
2018-04-04,03:31:05.295838,5662.759,1.995
2018-04-04,03:31:06.419280,5645.665,1.995
2018-04-04,03:31:07.539174,5672.527,1.995
2018-04-04,03:31:08.658867,5667.643,1.995
2018-04-04,03:31:09.778782,5670.085,1.995
2018-04-04,03:31:10.899411,5679.853,1.995
2018-04-04,03:31:12.022357,5677.411,1.995
2018-04-04,03:31:13.146449,5670.085,1.995
2018-04-04,03:31:14.277094,5672.527,1.995
2018-04-04,03:31:15.398113,5670.085,1.995
2018-04-04,03:31:16.518873,5674.969,1.995
2018-04-04,03:31:17.644200,5674.969,1.995
2018-04-04,03:31:18.765787,5692.063,1.995
2018-04-04,03:31:19.885715,5684.737,1.995
2018-04-04,03:31:21.008741,5684.737,1.995
2018-04-04,03:31:22.129608,5692.063,1.995
2018-04-04,03:31:23.250044,5696.947,1.995
2018-04-04,03:31:24.371385,5689.621,1.995
2018-04-04,03:31:25.491734,5701.832,1.995
2018-04-04,03:31:26.613165,5696.947,1.995
2018-04-04,03:31:27.734162,5696.947,1.995
2018-04-04,03:31:28.853769,5699.389,1.995
2018-04-04,03:31:29.977273,5687.179,1.995
2018-04-04,03:31:31.098894,5704.274,1.995
2018-04-04,03:31:32.220524,5701.832,1.995
2018-04-04,03:31:33.341163,5706.716,1.995
2018-04-04,03:31:34.465314,5709.158,1.995
2018-04-04,03:31:35.588357,5706.716,1.995
2018-04-04,03:31:36.712737,5714.042,1.995
2018-04-04,03:31:37.834818,5711.600,1.995
2018-04-04,03:31:38.954816,5704.274,1.995
2018-04-04,03:31:40.075411,5706.716,1.995
2018-04-04,03:31:41.201818,5694.505,1.995
2018-04-04,03:31:42.326253,5706.716,1.995
2018-04-04,03:31:43.453321,5711.600,1.995
2018-04-04,03:31:44.579232,5706.716,1.995
2018-04-04,03:31:45.703887,5711.600,1.995
2018-04-04,03:31:46.825205,5709.158,1.995
2018-04-04,03:31:47.945830,5706.716,1.995
2018-04-04,03:31:49.071118,5711.600,1.995
2018-04-04,03:31:50.195110,5716.484,1.995
2018-04-04,03:31:51.317943,5709.158,1.995
2018-04-04,03:31:52.439880,5716.484,1.995
2018-04-04,03:31:53.562697,5699.389,1.995
2018-04-04,03:31:54.682453,5714.042,1.995
2018-04-04,03:31:55.803631,5706.716,1.995
2018-04-04,03:31:56.924878,5718.926,1.995
2018-04-04,03:31:58.044949,5714.042,1.995
2018-04-04,03:31:59.169307,5716.484,1.995
2018-04-04,03:32:00.295796,5723.810,1.995
2018-04-04,03:32:01.415398,5728.694,1.995
2018-04-04,03:32:02.539088,5745.788,1.995
2018-04-04,03:32:03.659440,5721.368,1.995
2018-04-04,03:32:04.780742,5728.694,1.995
2018-04-04,03:32:05.901790,5723.810,1.995
2018-04-04,03:32:07.024715,5733.578,1.995
2018-04-04,03:32:08.148396,5728.694,1.995
2018-04-04,03:32:09.271236,5728.694,1.995
2018-04-04,03:32:10.397653,5733.578,1.995
2018-04-04,03:32:11.522485,5733.578,1.995
2018-04-04,03:32:12.651009,5731.136,1.995
2018-04-04,03:32:13.774664,5750.672,1.995
2018-04-04,03:32:14.897254,5738.462,1.995
2018-04-04,03:32:16.022378,5743.346,1.995
2018-04-04,03:32:17.145882,5743.346,1.995
2018-04-04,03:32:18.269500,5738.462,1.995
2018-04-04,03:32:19.392785,5733.578,1.995
2018-04-04,03:32:20.517119,5736.020,1.995
2018-04-04,03:32:21.639030,5738.462,1.995
2018-04-04,03:32:22.763902,5738.462,1.995
2018-04-04,03:32:23.886682,5731.136,1.995
2018-04-04,03:32:25.009573,5733.578,1.995
2018-04-04,03:32:26.132413,5731.136,1.995
2018-04-04,03:32:27.258338,5736.020,1.995
2018-04-04,03:32:28.381690,5733.578,1.995
2018-04-04,03:32:29.505377,5736.020,1.995
2018-04-04,03:32:30.627927,5731.136,1.995
2018-04-04,03:32:31.754245,5716.484,1.995
2018-04-04,03:32:32.876656,5728.694,1.995
2018-04-04,03:32:34.000017,5731.136,1.995
2018-04-04,03:32:35.123205,5733.578,1.995
2018-04-04,03:32:36.248247,5731.136,1.995
2018-04-04,03:32:37.374882,5728.694,1.995
2018-04-04,03:32:38.498869,5738.462,1.995
2018-04-04,03:32:39.619913,5731.136,1.995
2018-04-04,03:32:40.744719,5736.020,1.995
2018-04-04,03:32:41.869315,5736.020,1.995
2018-04-04,03:32:42.997578,5728.694,1.995
2018-04-04,03:32:44.121634,5736.020,1.995
2018-04-04,03:32:45.247183,5753.114,1.995
2018-04-04,03:32:46.370725,5738.462,1.995
2018-04-04,03:32:47.493753,5733.578,1.995
2018-04-04,03:32:48.616266,5728.694,1.995
2018-04-04,03:32:49.737666,5733.578,1.995
2018-04-04,03:32:50.860404,5728.694,1.995
2018-04-04,03:32:51.983478,5723.810,1.995
2018-04-04,03:32:53.107937,5728.694,1.995
2018-04-04,03:32:54.231025,5723.810,1.995
2018-04-04,03:32:55.353716,5726.252,1.995
2018-04-04,03:32:56.477328,5733.578,1.995
2018-04-04,03:32:57.609512,5723.810,1.995
2018-04-04,03:32:58.733456,5733.578,1.995
2018-04-04,03:32:59.856164,5726.252,1.995
2018-04-04,03:33:00.979293,5721.368,1.995
2018-04-04,03:33:02.104320,5721.368,1.995
2018-04-04,03:33:03.224154,5726.252,1.995
2018-04-04,03:33:04.343428,5714.042,1.995
2018-04-04,03:33:05.466189,5721.368,1.995
2018-04-04,03:33:06.586922,5721.368,1.995
2018-04-04,03:33:07.783457,5718.926,1.995
2018-04-04,03:33:08.906837,5706.716,1.995
2018-04-04,03:33:10.029728,5726.252,1.995
2018-04-04,03:33:11.152541,5726.252,1.995
2018-04-04,03:33:12.275953,5723.810,1.995
2018-04-04,03:33:13.396869,5723.810,1.995
2018-04-04,03:33:14.521683,5733.578,1.995
2018-04-04,03:33:15.648653,5740.904,1.995
2018-04-04,03:33:16.773437,5731.136,1.995
2018-04-04,03:33:18.104244,5736.020,1.995
2018-04-04,03:33:19.228565,5726.252,1.995
2018-04-04,03:33:20.352539,5716.484,1.996
2018-04-04,03:33:21.475798,5726.252,1.995
2018-04-04,03:33:22.600350,5718.926,1.995
2018-04-04,03:33:23.723313,5733.578,1.995
2018-04-04,03:33:24.845916,5718.926,1.995
2018-04-04,03:33:25.971247,5723.810,1.995
2018-04-04,03:33:27.095458,5711.600,1.995
2018-04-04,03:33:28.217902,5726.252,1.995
2018-04-04,03:33:29.340144,5714.042,1.995
2018-04-04,03:33:30.462870,5716.484,1.995
2018-04-04,03:33:31.588624,5718.926,1.995
2018-04-04,03:33:32.711904,5709.158,1.995
2018-04-04,03:33:33.835547,5718.926,1.995
2018-04-04,03:33:34.955217,5716.484,1.995
2018-04-04,03:33:36.075958,5723.810,1.995
2018-04-04,03:33:37.195955,5711.600,1.995
2018-04-04,03:33:38.317321,5716.484,1.995
2018-04-04,03:33:39.437786,5726.252,1.995
2018-04-04,03:33:40.558994,5704.274,1.995
2018-04-04,03:33:41.679756,5714.042,1.995
2018-04-04,03:33:42.801041,5716.484,1.995
2018-04-04,03:33:43.922753,5709.158,1.995
2018-04-04,03:33:45.044324,5738.462,1.995
2018-04-04,03:33:46.164365,5743.346,1.995
2018-04-04,03:33:47.285474,5740.904,1.995
2018-04-04,03:33:49.348699,5748.230,1.995
2018-04-04,03:33:50.468288,5748.230,1.995
2018-04-04,03:33:51.592717,5740.904,1.995
2018-04-04,03:33:52.716717,5731.136,1.995
2018-04-04,03:33:53.836277,5718.926,1.995
2018-04-04,03:33:54.956540,5740.904,1.995
2018-04-04,03:33:56.075093,5745.788,1.995
2018-04-04,03:33:57.195733,5701.832,1.995
2018-04-04,03:33:58.319574,5738.462,1.995
2018-04-04,03:33:59.444133,5723.810,1.995
2018-04-04,03:34:00.565476,5709.158,1.995
2018-04-04,03:34:01.686436,5709.158,1.995
2018-04-04,03:34:02.806379,5706.716,1.995
2018-04-04,03:34:03.927212,5704.274,1.995
2018-04-04,03:34:05.046821,5716.484,1.995
2018-04-04,03:34:06.168028,5721.368,1.995
2018-04-04,03:34:07.288194,5699.389,1.995
2018-04-04,03:34:08.408326,5723.810,1.995
2018-04-04,03:34:09.528776,5699.389,1.995
2018-04-04,03:34:10.649695,5716.484,1.995
2018-04-04,03:34:11.770028,5711.600,1.995
2018-04-04,03:34:12.891576,5709.158,1.995
2018-04-04,03:34:14.010966,5696.947,1.995
2018-04-04,03:34:15.134071,5701.832,1.995
2018-04-04,03:34:16.256924,5701.832,1.995
2018-04-04,03:34:17.378252,5721.368,1.995
2018-04-04,03:34:18.624642,5687.179,1.995
2018-04-04,03:34:19.744056,5687.179,1.995
2018-04-04,03:34:20.864123,5694.505,1.995
2018-04-04,03:34:21.983877,5682.295,1.995
2018-04-04,03:34:23.104478,5692.063,1.995
2018-04-04,03:34:24.224855,5701.832,1.995
2018-04-04,03:34:25.345082,5706.716,1.995
2018-04-04,03:34:26.466067,5709.158,1.995
2018-04-04,03:34:27.587727,5706.716,1.995
2018-04-04,03:34:28.708101,5696.947,1.995
2018-04-04,03:34:29.829266,5689.621,1.995
2018-04-04,03:34:30.949978,5689.621,1.996
2018-04-04,03:34:32.073273,5721.368,1.995
2018-04-04,03:34:33.194339,5677.411,1.995
2018-04-04,03:34:34.314071,5677.411,1.995
2018-04-04,03:34:35.433903,5696.947,1.995
2018-04-04,03:34:36.557130,5723.810,1.995
2018-04-04,03:34:37.675765,5701.832,1.995
2018-04-04,03:34:38.795636,5699.389,1.995
2018-04-04,03:34:39.915464,5689.621,1.995
2018-04-04,03:34:41.035050,5684.737,1.995
2018-04-04,03:34:42.156924,5679.853,1.996
2018-04-04,03:34:43.278474,5684.737,1.995
2018-04-04,03:34:44.402324,5682.295,1.995
2018-04-04,03:34:45.524212,5687.179,1.995
2018-04-04,03:34:46.645205,5672.527,1.995
2018-04-04,03:34:49.029121,5682.295,1.995
2018-04-04,03:34:50.151418,5682.295,1.995
2018-04-04,03:34:51.271068,5694.505,1.995
2018-04-04,03:34:52.392227,5701.832,1.995
2018-04-04,03:34:53.512007,5674.969,1.995
2018-04-04,03:34:54.635434,5682.295,1.995
2018-04-04,03:34:55.755368,5670.085,1.995
2018-04-04,03:34:56.877276,5677.411,1.995
2018-04-04,03:34:57.998945,5670.085,1.995
2018-04-04,03:34:59.118605,5682.295,1.995
2018-04-04,03:35:00.238246,5667.643,1.995
2018-04-04,03:35:01.358188,5672.527,1.995
2018-04-04,03:35:02.478681,5672.527,1.995
2018-04-04,03:35:03.601866,5665.201,1.995
2018-04-04,03:35:04.721833,5670.085,1.995
2018-04-04,03:35:05.844083,5670.085,1.995
2018-04-04,03:35:06.967000,5667.643,1.995
2018-04-04,03:35:08.089667,5679.853,1.995
2018-04-04,03:35:09.213622,5682.295,1.995
2018-04-04,03:35:10.332976,5677.411,1.995
2018-04-04,03:35:11.455151,5679.853,1.995
2018-04-04,03:35:12.575843,5674.969,1.995
2018-04-04,03:35:13.695430,5677.411,1.995
2018-04-04,03:35:14.814886,5699.389,1.995
2018-04-04,03:35:15.934808,5704.274,1.995
2018-04-04,03:35:17.055171,5706.716,1.995
2018-04-04,03:35:19.756947,5701.832,1.995
2018-04-04,03:35:20.877181,5699.389,1.995
2018-04-04,03:35:21.996823,5696.947,1.995
2018-04-04,03:35:23.119005,5687.179,1.995
2018-04-04,03:35:24.240330,5692.063,1.995
2018-04-04,03:35:25.364500,5687.179,1.995
2018-04-04,03:35:26.487673,5684.737,1.995
2018-04-04,03:35:27.610494,5677.411,1.995
2018-04-04,03:35:28.731816,5684.737,1.995
2018-04-04,03:35:29.851479,5682.295,1.995
2018-04-04,03:35:30.970896,5670.085,1.995
2018-04-04,03:35:32.089331,5672.527,1.995
2018-04-04,03:35:33.211319,5670.085,1.995
2018-04-04,03:35:34.332573,5667.643,1.995
2018-04-04,03:35:35.454957,5667.643,1.995
2018-04-04,03:35:36.574606,5662.759,1.995
2018-04-04,03:35:37.698702,5665.201,1.996
2018-04-04,03:35:38.819513,5660.317,1.995
2018-04-04,03:35:39.938625,5662.759,1.995
2018-04-04,03:35:41.061536,5645.665,1.995
2018-04-04,03:35:42.180696,5660.317,1.995
2018-04-04,03:35:43.300121,5662.759,1.995
2018-04-04,03:35:44.419522,5662.759,1.995
2018-04-04,03:35:45.538500,5662.759,1.995
2018-04-04,03:35:46.657739,5662.759,1.995
2018-04-04,03:35:49.975295,5652.991,1.995
2018-04-04,03:35:51.097569,5657.875,1.995
2018-04-04,03:35:52.215793,5657.875,1.995
2018-04-04,03:35:53.335036,5657.875,1.995
2018-04-04,03:35:54.453899,5667.643,1.995
2018-04-04,03:35:55.573177,5655.433,1.995
2018-04-04,03:35:56.693928,5657.875,1.995
2018-04-04,03:35:57.812665,5657.875,1.995
2018-04-04,03:35:58.937199,5660.317,1.995
2018-04-04,03:36:00.056976,5660.317,1.995
2018-04-04,03:36:01.175389,5660.317,1.995
2018-04-04,03:36:02.295183,5660.317,1.995
2018-04-04,03:36:03.417280,5652.991,1.995
2018-04-04,03:36:04.536619,5657.875,1.995
2018-04-04,03:36:05.655211,5662.759,1.995
2018-04-04,03:36:06.774331,5652.991,1.995
2018-04-04,03:36:07.894635,5652.991,1.995
2018-04-04,03:36:09.013114,5650.549,1.995
2018-04-04,03:36:10.132135,5652.991,1.995
2018-04-04,03:36:11.250937,5650.549,1.995
2018-04-04,03:36:12.371559,5645.665,1.995
2018-04-04,03:36:13.492416,5648.107,1.995
2018-04-04,03:36:14.610672,5650.549,1.995
2018-04-04,03:36:15.729893,5652.991,1.995
2018-04-04,03:36:16.863283,5635.897,1.995
2018-04-04,03:36:19.059149,5631.013,1.995
2018-04-04,03:36:20.179724,5635.897,1.995
2018-04-04,03:36:21.299594,5638.339,1.995
2018-04-04,03:36:22.421444,5643.223,1.995
2018-04-04,03:36:23.540906,5643.223,1.995
2018-04-04,03:36:24.662422,5643.223,1.995
2018-04-04,03:36:25.781611,5648.107,1.995
2018-04-04,03:36:26.903703,5648.107,1.995
2018-04-04,03:36:28.024535,5652.991,1.995
2018-04-04,03:36:29.145688,5645.665,1.995
2018-04-04,03:36:30.269458,5655.433,1.995
2018-04-04,03:36:31.391368,5648.107,1.995
2018-04-04,03:36:32.513418,5640.781,1.995
2018-04-04,03:36:33.633721,5655.433,1.995
2018-04-04,03:36:34.757215,5648.107,1.995
2018-04-04,03:36:35.880373,5648.107,1.995
2018-04-04,03:36:37.001400,5645.665,1.995
2018-04-04,03:36:38.126582,5648.107,1.995
2018-04-04,03:36:39.249776,5657.875,1.995
2018-04-04,03:36:40.371579,5645.665,1.995
2018-04-04,03:36:41.494804,5652.991,1.995
2018-04-04,03:36:42.617831,5655.433,1.995
2018-04-04,03:36:43.739953,5650.549,1.995
2018-04-04,03:36:44.859424,5650.549,1.995
2018-04-04,03:36:45.982413,5640.781,1.995
2018-04-04,03:36:47.102341,5645.665,1.995
2018-04-04,03:36:48.222449,5657.875,1.995
2018-04-04,03:36:49.352556,5633.455,1.995
2018-04-04,03:36:50.473108,5626.129,1.995
2018-04-04,03:36:51.594123,5633.455,1.995
2018-04-04,03:36:52.714234,5640.781,1.995
2018-04-04,03:36:53.833128,5638.339,1.995
2018-04-04,03:36:54.955981,5643.223,1.995
2018-04-04,03:36:56.079152,5655.433,1.995
2018-04-04,03:36:57.200768,5657.875,1.995
2018-04-04,03:36:58.320836,5645.665,1.995
2018-04-04,03:36:59.439871,5655.433,1.995
2018-04-04,03:37:00.562503,5657.875,1.995
2018-04-04,03:37:01.686507,5657.875,1.995
2018-04-04,03:37:02.806164,5657.875,1.995
2018-04-04,03:37:03.925877,5655.433,1.995
2018-04-04,03:37:05.047945,5645.665,1.995
2018-04-04,03:37:06.166615,5665.201,1.995
2018-04-04,03:37:07.286124,5677.411,1.995
2018-04-04,03:37:08.406948,5655.433,1.995
2018-04-04,03:37:09.527421,5655.433,1.995
2018-04-04,03:37:10.648250,5652.991,1.995
2018-04-04,03:37:11.768638,5652.991,1.995
2018-04-04,03:37:12.891265,5657.875,1.995
2018-04-04,03:37:14.012445,5650.549,1.995
2018-04-04,03:37:15.130966,5662.759,1.995
2018-04-04,03:37:16.254341,5645.665,1.995
2018-04-04,03:37:17.377148,5652.991,1.995
2018-04-04,03:37:18.501312,5650.549,1.995
2018-04-04,03:37:19.622174,5633.455,1.995
2018-04-04,03:37:20.741357,5660.317,1.995
2018-04-04,03:37:21.862007,5640.781,1.995
2018-04-04,03:37:22.986724,5640.781,1.995
2018-04-04,03:37:24.105091,5643.223,1.995
2018-04-04,03:37:25.226545,5643.223,1.995
2018-04-04,03:37:26.350093,5650.549,1.995
2018-04-04,03:37:27.473271,5652.991,1.995
2018-04-04,03:37:28.592602,5645.665,1.995
2018-04-04,03:37:29.711986,5652.991,1.995
2018-04-04,03:37:30.830352,5652.991,1.995
2018-04-04,03:37:31.953404,5665.201,1.995
2018-04-04,03:37:33.076981,5645.665,1.995
2018-04-04,03:37:34.197967,5657.875,1.995
2018-04-04,03:37:35.319029,5655.433,1.995
2018-04-04,03:37:36.438704,5657.875,1.995
2018-04-04,03:37:37.558499,5650.549,1.995
2018-04-04,03:37:38.688107,5655.433,1.995
2018-04-04,03:37:39.807827,5655.433,1.995
2018-04-04,03:37:40.927293,5655.433,1.995
2018-04-04,03:37:42.048020,5660.317,1.995
2018-04-04,03:37:43.169042,5655.433,1.995
2018-04-04,03:37:44.288938,5657.875,1.995
2018-04-04,03:37:45.408526,5652.991,1.995
2018-04-04,03:37:46.534689,5657.875,1.995
2018-04-04,03:37:47.653923,5652.991,1.995
2018-04-04,03:37:48.775869,5665.201,1.995
2018-04-04,03:37:49.902586,5655.433,1.995
2018-04-04,03:37:51.024246,5650.549,1.995
2018-04-04,03:37:52.144270,5660.317,1.995
2018-04-04,03:37:53.263708,5660.317,1.995
2018-04-04,03:37:54.386824,5670.085,1.995
2018-04-04,03:37:55.507693,5674.969,1.995
2018-04-04,03:37:56.628200,5684.737,1.995
2018-04-04,03:37:57.748525,5682.295,1.995
2018-04-04,03:37:58.873949,5682.295,1.995
2018-04-04,03:38:00.007470,5687.179,1.995
2018-04-04,03:38:01.127061,5682.295,1.995
2018-04-04,03:38:02.247089,5679.853,1.995
2018-04-04,03:38:03.371258,5672.527,1.995
2018-04-04,03:38:04.494350,5672.527,1.995
2018-04-04,03:38:05.613987,5674.969,1.995
2018-04-04,03:38:06.736803,5650.549,1.995
2018-04-04,03:38:07.856506,5672.527,1.995
2018-04-04,03:38:08.975256,5672.527,1.995
2018-04-04,03:38:10.094894,5667.643,1.995
2018-04-04,03:38:11.215074,5670.085,1.995
2018-04-04,03:38:12.335410,5667.643,1.995
2018-04-04,03:38:13.455282,5662.759,1.995
2018-04-04,03:38:14.574312,5665.201,1.995
2018-04-04,03:38:15.692668,5657.875,1.995
2018-04-04,03:38:16.811614,5667.643,1.995
2018-04-04,03:38:17.930373,5682.295,1.995
2018-04-04,03:38:19.049313,5665.201,1.995
2018-04-04,03:38:20.169697,5667.643,1.995
2018-04-04,03:38:21.288435,5655.433,1.995
2018-04-04,03:38:22.410363,5648.107,1.995
2018-04-04,03:38:23.529593,5650.549,1.995
2018-04-04,03:38:24.648439,5655.433,1.995
2018-04-04,03:38:25.768373,5657.875,1.995
2018-04-04,03:38:26.905627,5660.317,1.995
2018-04-04,03:38:28.028833,5665.201,1.995
2018-04-04,03:38:29.148940,5674.969,1.995
2018-04-04,03:38:30.268938,5665.201,1.995
2018-04-04,03:38:31.388032,5662.759,1.995
2018-04-04,03:38:32.507955,5662.759,1.995
2018-04-04,03:38:33.627744,5662.759,1.995
2018-04-04,03:38:34.749769,5670.085,1.995
2018-04-04,03:38:35.873180,5662.759,1.995
2018-04-04,03:38:36.992436,5665.201,1.995
2018-04-04,03:38:38.112715,5662.759,1.995
2018-04-04,03:38:39.234526,5660.317,1.995
2018-04-04,03:38:40.355070,5660.317,1.995
2018-04-04,03:38:41.475942,5662.759,1.995
2018-04-04,03:38:42.597035,5667.643,1.995
2018-04-04,03:38:43.720046,5652.991,1.995
2018-04-04,03:38:44.839791,5657.875,1.995
2018-04-04,03:38:45.960086,5662.759,1.995
2018-04-04,03:38:47.079440,5665.201,1.995
2018-04-04,03:38:48.199657,5684.737,1.995
2018-04-04,03:38:49.325380,5665.201,1.995
2018-04-04,03:38:50.444496,5650.549,1.995
2018-04-04,03:38:51.566742,5652.991,1.995
2018-04-04,03:38:52.687664,5643.223,1.995
2018-04-04,03:38:54.356268,5652.991,1.995
2018-04-04,03:38:55.475288,5652.991,1.995
2018-04-04,03:38:56.595076,5662.759,1.995
2018-04-04,03:38:57.715024,5665.201,1.995
2018-04-04,03:38:58.837261,5674.969,1.995
2018-04-04,03:38:59.958780,5674.969,1.995
2018-04-04,03:39:01.081744,5674.969,1.995
2018-04-04,03:39:02.202942,5679.853,1.995
2018-04-04,03:39:03.325912,5670.085,1.995
2018-04-04,03:39:04.445074,5674.969,1.995
2018-04-04,03:39:05.565106,5677.411,1.995
2018-04-04,03:39:06.684420,5674.969,1.995
2018-04-04,03:39:07.804705,5672.527,1.995
2018-04-04,03:39:08.924655,5662.759,1.995
2018-04-04,03:39:10.043865,5667.643,1.995
2018-04-04,03:39:11.163487,5670.085,1.995
2018-04-04,03:39:12.284397,5667.643,1.995
2018-04-04,03:39:13.403978,5665.201,1.995
2018-04-04,03:39:14.528017,5660.317,1.995
2018-04-04,03:39:15.649375,5665.201,1.995
2018-04-04,03:39:16.771056,5667.643,1.995
2018-04-04,03:39:17.890764,5665.201,1.995
2018-04-04,03:39:19.011137,5667.643,1.995
2018-04-04,03:39:20.130242,5667.643,1.995
2018-04-04,03:39:21.250594,5662.759,1.995
2018-04-04,03:39:22.371977,5652.991,1.995
2018-04-04,03:39:24.737691,5662.759,1.995
2018-04-04,03:39:25.867422,5657.875,1.995
2018-04-04,03:39:26.988826,5662.759,1.995
2018-04-04,03:39:28.111547,5667.643,1.995
2018-04-04,03:39:29.231101,5670.085,1.995
2018-04-04,03:39:30.350433,5674.969,1.995
2018-04-04,03:39:31.474059,5672.527,1.995
2018-04-04,03:39:32.596994,5674.969,1.995
2018-04-04,03:39:33.716786,5670.085,1.995
2018-04-04,03:39:34.835502,5674.969,1.995
2018-04-04,03:39:35.955481,5670.085,1.995
2018-04-04,03:39:37.074924,5665.201,1.995
2018-04-04,03:39:38.194526,5670.085,1.995
2018-04-04,03:39:39.315942,5667.643,1.995
2018-04-04,03:39:40.434723,5665.201,1.995
2018-04-04,03:39:41.555238,5677.411,1.995
2018-04-04,03:39:42.676420,5665.201,1.995
2018-04-04,03:39:43.797351,5670.085,1.995
2018-04-04,03:39:44.918259,5662.759,1.995
2018-04-04,03:39:46.038609,5670.085,1.995
2018-04-04,03:39:47.158851,5660.317,1.995
2018-04-04,03:39:48.279363,5648.107,1.995
2018-04-04,03:39:49.399112,5662.759,1.995
2018-04-04,03:39:50.522391,5662.759,1.995
2018-04-04,03:39:51.643117,5660.317,1.995
2018-04-04,03:39:52.763430,5665.201,1.995
2018-04-04,03:39:53.885396,5662.759,1.995
2018-04-04,03:39:55.005686,5665.201,1.995
2018-04-04,03:39:56.128132,5667.643,1.995
2018-04-04,03:39:57.248640,5667.643,1.995
2018-04-04,03:39:58.370312,5655.433,1.995
2018-04-04,03:39:59.494528,5667.643,1.995
2018-04-04,03:40:00.616931,5665.201,1.995
2018-04-04,03:40:01.735773,5665.201,1.995
2018-04-04,03:40:02.856447,5657.875,1.995
2018-04-04,03:40:03.980079,5660.317,1.995
2018-04-04,03:40:05.103386,5674.969,1.995
2018-04-04,03:40:06.226689,5665.201,1.995
2018-04-04,03:40:07.358641,5667.643,1.995
2018-04-04,03:40:08.483035,5657.875,1.995
2018-04-04,03:40:09.610299,5667.643,1.995
2018-04-04,03:40:10.729808,5682.295,1.995
2018-04-04,03:40:11.850377,5662.759,1.995
2018-04-04,03:40:12.970085,5665.201,1.995
2018-04-04,03:40:14.091122,5662.759,1.995
2018-04-04,03:40:15.213176,5667.643,1.995
2018-04-04,03:40:16.332451,5667.643,1.995
2018-04-04,03:40:17.452512,5655.433,1.995
2018-04-04,03:40:20.764060,5662.759,1.995
2018-04-04,03:40:21.889533,5665.201,1.995
2018-04-04,03:40:23.011069,5657.875,1.995
2018-04-04,03:40:24.135404,5667.643,1.995
2018-04-04,03:40:25.265157,5667.643,1.995
2018-04-04,03:40:26.387851,5665.201,1.995
2018-04-04,03:40:27.508704,5670.085,1.995
2018-04-04,03:40:28.629175,5665.201,1.995
2018-04-04,03:40:29.749348,5662.759,1.995
2018-04-04,03:40:30.869724,5689.621,1.995
2018-04-04,03:40:31.990351,5677.411,1.995
2018-04-04,03:40:33.110461,5662.759,1.995
2018-04-04,03:40:34.230859,5662.759,1.995
2018-04-04,03:40:35.353597,5657.875,1.995
2018-04-04,03:40:36.477911,5662.759,1.995
2018-04-04,03:40:37.601052,5667.643,1.995
2018-04-04,03:40:38.736264,5660.317,1.995
2018-04-04,03:40:39.857903,5670.085,1.995
2018-04-04,03:40:40.980479,5655.433,1.995
2018-04-04,03:40:42.100804,5677.411,1.995
2018-04-04,03:40:43.221238,5665.201,1.995
2018-04-04,03:40:44.341952,5652.991,1.995
2018-04-04,03:40:45.462410,5660.317,1.995
2018-04-04,03:40:46.582605,5650.549,1.995
2018-04-04,03:40:47.702667,5648.107,1.995
2018-04-04,03:40:50.623755,5652.991,1.995
2018-04-04,03:40:51.743971,5648.107,1.995
2018-04-04,03:40:52.862336,5660.317,1.995
2018-04-04,03:40:53.988493,5657.875,1.995
2018-04-04,03:40:55.107834,5662.759,1.995
2018-04-04,03:40:56.227873,5665.201,1.995
2018-04-04,03:40:57.349626,5662.759,1.995
2018-04-04,03:40:58.477573,5660.317,1.995
2018-04-04,03:40:59.598256,5667.643,1.995
2018-04-04,03:41:00.721723,5660.317,1.995
2018-04-04,03:41:01.842485,5667.643,1.995
2018-04-04,03:41:02.962490,5665.201,1.995
2018-04-04,03:41:04.082733,5660.317,1.995
2018-04-04,03:41:05.201663,5670.085,1.995
2018-04-04,03:41:06.322453,5662.759,1.995
2018-04-04,03:41:07.443293,5679.853,1.995
2018-04-04,03:41:08.564497,5667.643,1.995
2018-04-04,03:41:09.683697,5660.317,1.995
2018-04-04,03:41:10.804094,5660.317,1.995
2018-04-04,03:41:11.923089,5655.433,1.995
2018-04-04,03:41:13.041985,5660.317,1.995
2018-04-04,03:41:14.163055,5660.317,1.995
2018-04-04,03:41:15.283428,5692.063,1.995
2018-04-04,03:41:16.404149,5657.875,1.995
2018-04-04,03:41:17.524592,5662.759,1.995
2018-04-04,03:41:18.645969,5655.433,1.995
2018-04-04,03:41:19.770180,5655.433,1.995
2018-04-04,03:41:20.891628,5643.223,1.995
2018-04-04,03:41:22.010896,5640.781,1.995
2018-04-04,03:41:23.133302,5657.875,1.995
2018-04-04,03:41:24.519602,5648.107,1.995
2018-04-04,03:41:25.639034,5655.433,1.995
2018-04-04,03:41:26.759191,5660.317,1.995
2018-04-04,03:41:27.880059,5650.549,1.995
2018-04-04,03:41:29.003268,5677.411,1.995
2018-04-04,03:41:30.121314,5665.201,1.995
2018-04-04,03:41:31.242264,5665.201,1.995
2018-04-04,03:41:32.363803,5665.201,1.995
2018-04-04,03:41:33.484581,5662.759,1.995
2018-04-04,03:41:34.604918,5672.527,1.995
2018-04-04,03:41:35.725691,5672.527,1.995
2018-04-04,03:41:36.848394,5665.201,1.995
2018-04-04,03:41:37.971058,5670.085,1.995
2018-04-04,03:41:39.103787,5665.201,1.995
2018-04-04,03:41:40.223245,5667.643,1.995
2018-04-04,03:41:41.345417,5667.643,1.995
2018-04-04,03:41:42.465029,5667.643,1.995
2018-04-04,03:41:43.584822,5665.201,1.995
2018-04-04,03:41:44.705756,5662.759,1.995
2018-04-04,03:41:45.834166,5665.201,1.995
2018-04-04,03:41:46.954046,5665.201,1.995
2018-04-04,03:41:48.073457,5662.759,1.995
2018-04-04,03:41:49.196293,5670.085,1.995
2018-04-04,03:41:50.322939,5662.759,1.995
2018-04-04,03:41:51.442740,5652.991,1.995
2018-04-04,03:41:52.569581,5655.433,1.995
2018-04-04,03:41:53.694155,5672.527,1.995
2018-04-04,03:41:55.569990,5677.411,1.995
2018-04-04,03:41:56.693485,5709.158,1.995
2018-04-04,03:41:57.816969,5687.179,1.995
2018-04-04,03:41:58.939563,5699.389,1.995
2018-04-04,03:42:00.062652,5699.389,1.995
2018-04-04,03:42:01.185069,5701.832,1.995
2018-04-04,03:42:02.305598,5716.484,1.995
2018-04-04,03:42:03.425979,5711.600,1.995
2018-04-04,03:42:04.545365,5711.600,1.995
2018-04-04,03:42:05.664214,5716.484,1.995
2018-04-04,03:42:06.782617,5731.136,1.995
2018-04-04,03:42:07.901997,5701.832,1.995
2018-04-04,03:42:09.024555,5706.716,1.995
2018-04-04,03:42:10.144949,5696.947,1.995
2018-04-04,03:42:11.264064,5670.085,1.995
2018-04-04,03:42:12.387479,5694.505,1.995
2018-04-04,03:42:13.508071,5699.389,1.995
2018-04-04,03:42:14.627934,5687.179,1.995
2018-04-04,03:42:15.748524,5689.621,1.995
2018-04-04,03:42:16.867971,5687.179,1.995
2018-04-04,03:42:17.989260,5701.832,1.995
2018-04-04,03:42:19.108666,5679.853,1.995
2018-04-04,03:42:20.228886,5660.317,1.995
2018-04-04,03:42:21.349975,5672.527,1.995
2018-04-04,03:42:22.471096,5670.085,1.995
2018-04-04,03:42:23.591365,5660.317,1.995
2018-04-04,03:42:24.863803,5667.643,1.995
2018-04-04,03:42:25.988345,5682.295,1.995
2018-04-04,03:42:27.112214,5689.621,1.995
2018-04-04,03:42:28.231725,5682.295,1.995
2018-04-04,03:42:29.352524,5682.295,1.995
2018-04-04,03:42:30.475616,5682.295,1.995
2018-04-04,03:42:31.597336,5682.295,1.995
2018-04-04,03:42:32.721800,5684.737,1.995
2018-04-04,03:42:33.843101,5682.295,1.995
2018-04-04,03:42:34.964108,5687.179,1.995
2018-04-04,03:42:36.090432,5674.969,1.995
2018-04-04,03:42:37.211402,5679.853,1.995
2018-04-04,03:42:38.334338,5679.853,1.995
2018-04-04,03:42:39.457795,5677.411,1.995
2018-04-04,03:42:40.582671,5674.969,1.995
2018-04-04,03:42:41.703162,5667.643,1.995
2018-04-04,03:42:42.822643,5672.527,1.995
2018-04-04,03:42:43.941680,5667.643,1.995
2018-04-04,03:42:45.061902,5677.411,1.995
2018-04-04,03:42:46.181488,5667.643,1.995
2018-04-04,03:42:47.301028,5672.527,1.995
2018-04-04,03:42:48.421761,5665.201,1.995
2018-04-04,03:42:49.541011,5667.643,1.995
2018-04-04,03:42:50.661190,5670.085,1.995
2018-04-04,03:42:51.782323,5670.085,1.995
2018-04-04,03:42:52.904242,5652.991,1.995
2018-04-04,03:42:55.646129,5667.643,1.995
2018-04-04,03:42:56.765972,5667.643,1.995
2018-04-04,03:42:57.885801,5667.643,1.995
2018-04-04,03:42:59.008191,5670.085,1.995
2018-04-04,03:43:00.127734,5677.411,1.995
2018-04-04,03:43:01.249903,5677.411,1.995
2018-04-04,03:43:02.374486,5674.969,1.995
2018-04-04,03:43:03.493137,5677.411,1.995
2018-04-04,03:43:04.615990,5667.643,1.995
2018-04-04,03:43:05.739129,5672.527,1.995
2018-04-04,03:43:06.861795,5670.085,1.995
2018-04-04,03:43:07.984711,5672.527,1.995
2018-04-04,03:43:09.107602,5672.527,1.995
2018-04-04,03:43:10.228206,5670.085,1.995
2018-04-04,03:43:11.351391,5657.875,1.995
2018-04-04,03:43:12.476258,5667.643,1.995
2018-04-04,03:43:13.596206,5667.643,1.995
2018-04-04,03:43:14.716871,5672.527,1.995
2018-04-04,03:43:15.836451,5670.085,1.995
2018-04-04,03:43:16.954781,5674.969,1.995
2018-04-04,03:43:18.074685,5665.201,1.995
2018-04-04,03:43:19.195851,5665.201,1.995
2018-04-04,03:43:20.318697,5665.201,1.995
2018-04-04,03:43:21.442372,5667.643,1.995
2018-04-04,03:43:22.574711,5677.411,1.995
2018-04-04,03:43:23.695211,5648.107,1.995
2018-04-04,03:43:25.930728,5657.875,1.995
2018-04-04,03:43:27.051021,5670.085,1.995
2018-04-04,03:43:28.172834,5665.201,1.995
2018-04-04,03:43:29.293390,5684.737,1.995
2018-04-04,03:43:30.416202,5670.085,1.995
2018-04-04,03:43:31.537350,5672.527,1.995
2018-04-04,03:43:32.657799,5670.085,1.995
2018-04-04,03:43:33.780553,5674.969,1.995
2018-04-04,03:43:34.904856,5670.085,1.995
2018-04-04,03:43:36.028618,5674.969,1.995
2018-04-04,03:43:37.154808,5674.969,1.995
2018-04-04,03:43:38.277588,5677.411,1.995
2018-04-04,03:43:39.400849,5677.411,1.995
2018-04-04,03:43:40.519767,5665.201,1.995
2018-04-04,03:43:41.640631,5674.969,1.995
2018-04-04,03:43:42.763214,5674.969,1.995
2018-04-04,03:43:43.881666,5667.643,1.995
2018-04-04,03:43:45.005551,5679.853,1.995
2018-04-04,03:43:46.128657,5672.527,1.995
2018-04-04,03:43:47.251330,5667.643,1.995
2018-04-04,03:43:48.371037,5672.527,1.995
2018-04-04,03:43:49.491568,5650.549,1.995
2018-04-04,03:43:50.610772,5662.759,1.995
2018-04-04,03:43:51.732753,5667.643,1.995
2018-04-04,03:43:52.851512,5655.433,1.995
2018-04-04,03:43:53.975152,5638.339,1.995
2018-04-04,03:43:56.207968,5640.781,1.995
2018-04-04,03:43:57.327769,5670.085,1.996
2018-04-04,03:43:58.447604,5672.527,1.995
2018-04-04,03:43:59.574137,5645.665,1.995
2018-04-04,03:44:00.693916,5667.643,1.995
2018-04-04,03:44:01.813051,5672.527,1.995
2018-04-04,03:44:02.939244,5662.759,1.995
2018-04-04,03:44:04.060001,5670.085,1.995
2018-04-04,03:44:05.185077,5655.433,1.995
2018-04-04,03:44:06.304134,5665.201,1.995
2018-04-04,03:44:07.423260,5674.969,1.995
2018-04-04,03:44:08.543148,5665.201,1.995
2018-04-04,03:44:09.663621,5660.317,1.995
2018-04-04,03:44:10.795400,5662.759,1.995
2018-04-04,03:44:11.917890,5667.643,1.995
2018-04-04,03:44:13.042230,5665.201,1.995
2018-04-04,03:44:14.162615,5667.643,1.995
2018-04-04,03:44:15.284762,5665.201,1.995
2018-04-04,03:44:16.407565,5665.201,1.995
2018-04-04,03:44:17.528518,5665.201,1.995
2018-04-04,03:44:18.647842,5665.201,1.995
2018-04-04,03:44:19.769428,5667.643,1.995
2018-04-04,03:44:20.891345,5657.875,1.995
2018-04-04,03:44:22.011386,5670.085,1.995
2018-04-04,03:44:23.137520,5660.317,1.995
2018-04-04,03:44:24.265013,5662.759,1.995
2018-04-04,03:44:25.393884,5652.991,1.995
2018-04-04,03:44:26.516192,5648.107,1.995
2018-04-04,03:44:27.636029,5655.433,1.995
2018-04-04,03:44:28.755717,5667.643,1.995
2018-04-04,03:44:29.878006,5670.085,1.995
2018-04-04,03:44:31.000827,5667.643,1.995
2018-04-04,03:44:32.131142,5677.411,1.995
2018-04-04,03:44:33.254642,5679.853,1.995
2018-04-04,03:44:34.376479,5674.969,1.995
2018-04-04,03:44:35.507502,5670.085,1.995
2018-04-04,03:44:36.626957,5667.643,1.995
2018-04-04,03:44:37.746477,5679.853,1.995
2018-04-04,03:44:38.865900,5672.527,1.995
2018-04-04,03:44:39.985597,5677.411,1.995
2018-04-04,03:44:41.105259,5674.969,1.995
2018-04-04,03:44:42.224307,5687.179,1.995
2018-04-04,03:44:43.344789,5677.411,1.995
2018-04-04,03:44:44.464231,5655.433,1.995
2018-04-04,03:44:45.583533,5660.317,1.995
2018-04-04,03:44:46.701267,5672.527,1.995
2018-04-04,03:44:47.821208,5670.085,1.995
2018-04-04,03:44:48.949160,5672.527,1.995
2018-04-04,03:44:50.068989,5670.085,1.995
2018-04-04,03:44:51.192251,5670.085,1.995
2018-04-04,03:44:52.315361,5667.643,1.995
2018-04-04,03:44:53.441475,5665.201,1.995
2018-04-04,03:44:54.562164,5626.129,1.995
2018-04-04,03:44:55.688811,5640.781,1.995
2018-04-04,03:44:56.809137,5660.317,1.995
2018-04-04,03:44:57.928705,5660.317,1.995
2018-04-04,03:44:59.049883,5657.875,1.995
2018-04-04,03:45:00.170850,5665.201,1.995
2018-04-04,03:45:01.291170,5670.085,1.995
2018-04-04,03:45:02.410252,5667.643,1.995
2018-04-04,03:45:03.541784,5672.527,1.995
2018-04-04,03:45:04.662607,5672.527,1.995
2018-04-04,03:45:05.783853,5674.969,1.995
2018-04-04,03:45:06.902516,5674.969,1.995
2018-04-04,03:45:08.023035,5674.969,1.995
2018-04-04,03:45:09.155666,5670.085,1.995
2018-04-04,03:45:10.279483,5672.527,1.995
2018-04-04,03:45:11.399170,5672.527,1.995
2018-04-04,03:45:12.518972,5670.085,1.995
2018-04-04,03:45:13.639417,5670.085,1.995
2018-04-04,03:45:14.759919,5667.643,1.995
2018-04-04,03:45:15.890050,5672.527,1.995
2018-04-04,03:45:17.013438,5667.643,1.995
2018-04-04,03:45:18.134211,5670.085,1.995
2018-04-04,03:45:19.254893,5670.085,1.995
2018-04-04,03:45:20.374727,5667.643,1.995
2018-04-04,03:45:21.494703,5670.085,1.995
2018-04-04,03:45:22.619938,5670.085,1.995
2018-04-04,03:45:23.743213,5670.085,1.995
2018-04-04,03:45:24.864960,5660.317,1.995
2018-04-04,03:45:25.985822,5662.759,1.995
2018-04-04,03:45:27.111713,5645.665,1.995
2018-04-04,03:45:28.235514,5662.759,1.995
2018-04-04,03:45:29.354468,5643.223,1.995
2018-04-04,03:45:30.476461,5667.643,1.996
2018-04-04,03:45:31.595919,5670.085,1.995
2018-04-04,03:45:32.719778,5677.411,1.995
2018-04-04,03:45:33.840406,5670.085,1.995
2018-04-04,03:45:34.964080,5672.527,1.996
2018-04-04,03:45:36.084587,5672.527,1.995
2018-04-04,03:45:37.203221,5687.179,1.995
2018-04-04,03:45:38.323822,5674.969,1.995
2018-04-04,03:45:39.443499,5667.643,1.995
2018-04-04,03:45:40.565503,5674.969,1.995
2018-04-04,03:45:41.688541,5672.527,1.995
2018-04-04,03:45:42.815193,5662.759,1.995
2018-04-04,03:45:43.934950,5674.969,1.995
2018-04-04,03:45:45.054737,5672.527,1.995
2018-04-04,03:45:46.174309,5679.853,1.995
2018-04-04,03:45:47.292896,5672.527,1.995
2018-04-04,03:45:48.419119,5672.527,1.995
2018-04-04,03:45:49.540327,5674.969,1.995
2018-04-04,03:45:50.660846,5672.527,1.995
2018-04-04,03:45:51.782989,5643.223,1.995
2018-04-04,03:45:52.901561,5667.643,1.995
2018-04-04,03:45:54.027544,5672.527,1.995
2018-04-04,03:45:55.148188,5667.643,1.995
2018-04-04,03:45:56.268607,5665.201,1.995
2018-04-04,03:45:57.387897,5657.875,1.995
2018-04-04,03:45:58.512678,5660.317,1.995
2018-04-04,03:45:59.637082,5660.317,1.995
2018-04-04,03:46:00.763037,5665.201,1.995
2018-04-04,03:46:01.887407,5677.411,1.995
2018-04-04,03:46:03.007772,5672.527,1.995
2018-04-04,03:46:04.130655,5672.527,1.995
2018-04-04,03:46:05.269798,5679.853,1.995
2018-04-04,03:46:06.392707,5674.969,1.995
2018-04-04,03:46:07.513031,5660.317,1.995
2018-04-04,03:46:08.637042,5674.969,1.995
2018-04-04,03:46:09.764232,5670.085,1.995
2018-04-04,03:46:10.884011,5670.085,1.995
2018-04-04,03:46:12.005084,5684.737,1.995
2018-04-04,03:46:13.124950,5674.969,1.995
2018-04-04,03:46:14.244258,5670.085,1.995
2018-04-04,03:46:15.363964,5672.527,1.995
2018-04-04,03:46:16.483104,5667.643,1.995
2018-04-04,03:46:17.602464,5672.527,1.995
2018-04-04,03:46:18.730246,5674.969,1.995
2018-04-04,03:46:19.850600,5682.295,1.995
2018-04-04,03:46:20.971309,5672.527,1.995
2018-04-04,03:46:22.095567,5672.527,1.995
2018-04-04,03:46:23.216042,5687.179,1.995
2018-04-04,03:46:24.336252,5692.063,1.995
2018-04-04,03:46:25.459766,5660.317,1.995
2018-04-04,03:46:26.580774,5652.991,1.995
2018-04-04,03:46:27.705513,5662.759,1.995
2018-04-04,03:46:28.829550,5655.433,1.995
2018-04-04,03:46:29.949233,5667.643,1.995
2018-04-04,03:46:31.069916,5667.643,1.995
2018-04-04,03:46:32.203122,5670.085,1.995
2018-04-04,03:46:33.324326,5679.853,1.995
2018-04-04,03:46:34.446825,5684.737,1.995
2018-04-04,03:46:35.568832,5674.969,1.995
2018-04-04,03:46:36.689106,5672.527,1.995
2018-04-04,03:46:37.810348,5672.527,1.995
2018-04-04,03:46:38.938668,5679.853,1.995
2018-04-04,03:46:40.059179,5677.411,1.995
2018-04-04,03:46:41.178495,5648.107,1.995
2018-04-04,03:46:42.302253,5674.969,1.995
2018-04-04,03:46:43.420681,5672.527,1.995
2018-04-04,03:46:44.541078,5672.527,1.995
2018-04-04,03:46:45.663153,5674.969,1.995
2018-04-04,03:46:46.781921,5677.411,1.995
2018-04-04,03:46:47.901387,5672.527,1.995
2018-04-04,03:46:49.024697,5674.969,1.995
2018-04-04,03:46:50.143131,5672.527,1.995
2018-04-04,03:46:51.262478,5674.969,1.995
2018-04-04,03:46:52.380548,5672.527,1.995
2018-04-04,03:46:53.498896,5667.643,1.995
2018-04-04,03:46:54.618094,5667.643,1.996
2018-04-04,03:46:55.743047,5665.201,1.995
2018-04-04,03:46:56.873798,5655.433,1.995
2018-04-04,03:46:57.997722,5650.549,1.996
2018-04-04,03:46:59.119982,5670.085,1.995
2018-04-04,03:47:00.241219,5672.527,1.995
2018-04-04,03:47:01.365553,5670.085,1.995
2018-04-04,03:47:02.501881,5679.853,1.995
2018-04-04,03:47:03.623975,5674.969,1.995
2018-04-04,03:47:04.747374,5670.085,1.995
2018-04-04,03:47:05.871391,5684.737,1.995
2018-04-04,03:47:06.994307,5694.505,1.995
2018-04-04,03:47:08.116290,5672.527,1.995
2018-04-04,03:47:09.239730,5677.411,1.995
2018-04-04,03:47:10.359202,5672.527,1.995
2018-04-04,03:47:11.478416,5672.527,1.995
2018-04-04,03:47:12.598455,5670.085,1.995
2018-04-04,03:47:13.716838,5674.969,1.995
2018-04-04,03:47:14.836790,5679.853,1.995
2018-04-04,03:47:15.959368,5677.411,1.995
2018-04-04,03:47:17.077585,5670.085,1.995
2018-04-04,03:47:18.196399,5672.527,1.995
2018-04-04,03:47:19.314992,5674.969,1.995
2018-04-04,03:47:20.436210,5670.085,1.995
2018-04-04,03:47:21.560260,5662.759,1.995
2018-04-04,03:47:22.687813,5672.527,1.995
2018-04-04,03:47:23.810262,5670.085,1.995
2018-04-04,03:47:24.930436,5670.085,1.995
2018-04-04,03:47:26.061500,5662.759,1.995
2018-04-04,03:47:27.186254,5652.991,1.995
2018-04-04,03:47:28.311248,5657.875,1.995
2018-04-04,03:47:31.065081,5657.875,1.995
2018-04-04,03:47:32.188938,5665.201,1.995
2018-04-04,03:47:33.307948,5662.759,1.995
2018-04-04,03:47:34.442379,5667.643,1.995
2018-04-04,03:47:35.565576,5648.107,1.995
2018-04-04,03:47:36.689938,5670.085,1.995
2018-04-04,03:47:37.810853,5670.085,1.995
2018-04-04,03:47:38.930511,5670.085,1.995
2018-04-04,03:47:40.056316,5672.527,1.995
2018-04-04,03:47:41.175230,5682.295,1.995
2018-04-04,03:47:42.294184,5674.969,1.995
2018-04-04,03:47:43.415209,5692.063,1.996
2018-04-04,03:47:44.534731,5670.085,1.995
2018-04-04,03:47:45.653993,5670.085,1.995
2018-04-04,03:47:46.776822,5674.969,1.995
2018-04-04,03:47:47.900671,5670.085,1.995
2018-04-04,03:47:49.023370,5694.505,1.995
2018-04-04,03:47:50.147269,5692.063,1.995
2018-04-04,03:47:51.265606,5667.643,1.995
2018-04-04,03:47:52.389297,5674.969,1.995
2018-04-04,03:47:53.509661,5667.643,1.995
2018-04-04,03:47:54.632188,5677.411,1.995
2018-04-04,03:47:55.751743,5670.085,1.995
2018-04-04,03:47:56.870952,5679.853,1.995
2018-04-04,03:47:57.992369,5648.107,1.995
2018-04-04,03:47:59.111677,5648.107,1.995
2018-04-04,03:48:00.820379,5657.875,1.995
2018-04-04,03:48:01.940997,5665.201,1.995
2018-04-04,03:48:03.062350,5667.643,1.995
2018-04-04,03:48:04.184248,5672.527,1.995
2018-04-04,03:48:05.312433,5667.643,1.995
2018-04-04,03:48:06.431990,5672.527,1.995
2018-04-04,03:48:07.556928,5672.527,1.995
2018-04-04,03:48:08.681119,5677.411,1.995
2018-04-04,03:48:09.804749,5677.411,1.995
2018-04-04,03:48:10.928280,5667.643,1.995
2018-04-04,03:48:12.059544,5652.991,1.995
2018-04-04,03:48:13.179276,5672.527,1.995
2018-04-04,03:48:14.301461,5670.085,1.995
2018-04-04,03:48:15.420218,5674.969,1.995
2018-04-04,03:48:16.541333,5674.969,1.995
2018-04-04,03:48:17.660863,5670.085,1.995
2018-04-04,03:48:18.782421,5672.527,1.995
2018-04-04,03:48:19.903048,5670.085,1.995
2018-04-04,03:48:21.022409,5670.085,1.995
2018-04-04,03:48:22.145410,5672.527,1.995
2018-04-04,03:48:23.265174,5670.085,1.995
2018-04-04,03:48:24.385699,5670.085,1.995
2018-04-04,03:48:25.504152,5672.527,1.995
2018-04-04,03:48:26.626180,5670.085,1.995
2018-04-04,03:48:27.760078,5667.643,1.995
2018-04-04,03:48:28.882493,5667.643,1.996
2018-04-04,03:48:31.199010,5657.875,1.995
2018-04-04,03:48:32.319804,5657.875,1.995
2018-04-04,03:48:33.453719,5665.201,1.995
2018-04-04,03:48:34.574405,5670.085,1.995
2018-04-04,03:48:35.694473,5672.527,1.995
2018-04-04,03:48:36.817650,5670.085,1.995
2018-04-04,03:48:37.940917,5672.527,1.995
2018-04-04,03:48:39.061414,5692.063,1.995
2018-04-04,03:48:40.185035,5657.875,1.995
2018-04-04,03:48:41.309790,5667.643,1.996
2018-04-04,03:48:42.432664,5662.759,1.995
2018-04-04,03:48:43.556093,5667.643,1.995
2018-04-04,03:48:44.680241,5662.759,1.995
2018-04-04,03:48:45.802198,5665.201,1.995
2018-04-04,03:48:46.929691,5670.085,1.995
2018-04-04,03:48:48.050912,5667.643,1.995
2018-04-04,03:48:49.171363,5672.527,1.995
2018-04-04,03:48:50.291271,5674.969,1.995
2018-04-04,03:48:51.414607,5665.201,1.995
2018-04-04,03:48:52.537440,5667.643,1.995
2018-04-04,03:48:53.657206,5662.759,1.995
2018-04-04,03:48:54.778607,5670.085,1.995
2018-04-04,03:48:55.898566,5670.085,1.995
2018-04-04,03:48:57.022620,5670.085,1.995
2018-04-04,03:48:58.146088,5660.317,1.995
2018-04-04,03:48:59.266390,5660.317,1.995
2018-04-04,03:49:01.882633,5660.317,1.995
2018-04-04,03:49:03.002294,5665.201,1.995
2018-04-04,03:49:04.127260,5670.085,1.995
2018-04-04,03:49:05.249362,5672.527,1.995
2018-04-04,03:49:06.369084,5672.527,1.995
2018-04-04,03:49:07.489177,5670.085,1.995
2018-04-04,03:49:08.612532,5665.201,1.995
2018-04-04,03:49:09.731730,5662.759,1.995
2018-04-04,03:49:10.851486,5674.969,1.995
2018-04-04,03:49:11.971629,5667.643,1.995
2018-04-04,03:49:13.093981,5665.201,1.996
2018-04-04,03:49:14.218358,5665.201,1.995
2018-04-04,03:49:15.343413,5682.295,1.995
2018-04-04,03:49:16.463147,5662.759,1.995
2018-04-04,03:49:17.582345,5665.201,1.995
2018-04-04,03:49:18.701707,5667.643,1.995
2018-04-04,03:49:19.820013,5667.643,1.995
2018-04-04,03:49:20.945571,5662.759,1.995
2018-04-04,03:49:22.064156,5667.643,1.995
2018-04-04,03:49:23.182584,5665.201,1.995
2018-04-04,03:49:24.302504,5660.317,1.995
2018-04-04,03:49:25.420910,5667.643,1.995
2018-04-04,03:49:26.540452,5665.201,1.995
2018-04-04,03:49:27.671293,5667.643,1.995
2018-04-04,03:49:28.791402,5650.549,1.995
2018-04-04,03:49:32.116119,5660.317,1.995
2018-04-04,03:49:33.235847,5662.759,1.995
2018-04-04,03:49:34.355628,5667.643,1.995
2018-04-04,03:49:35.479490,5667.643,1.995
2018-04-04,03:49:36.600145,5662.759,1.996
2018-04-04,03:49:37.718854,5667.643,1.995
2018-04-04,03:49:38.839528,5652.991,1.995
2018-04-04,03:49:39.959285,5667.643,1.995
2018-04-04,03:49:41.080082,5660.317,1.995
2018-04-04,03:49:42.213380,5662.759,1.995
2018-04-04,03:49:43.334391,5662.759,1.995
2018-04-04,03:49:44.454981,5665.201,1.995
2018-04-04,03:49:45.575339,5655.433,1.995
2018-04-04,03:49:46.698059,5660.317,1.995
2018-04-04,03:49:47.818148,5657.875,1.995
2018-04-04,03:49:48.943997,5660.317,1.995
2018-04-04,03:49:50.065597,5655.433,1.995
2018-04-04,03:49:51.184830,5657.875,1.995
2018-04-04,03:49:52.304274,5662.759,1.995
2018-04-04,03:49:53.426841,5660.317,1.995
2018-04-04,03:49:54.545563,5657.875,1.995
2018-04-04,03:49:55.665577,5657.875,1.995
2018-04-04,03:49:56.785505,5662.759,1.995
2018-04-04,03:49:57.908745,5655.433,1.995
2018-04-04,03:49:59.046224,5657.875,1.995
2018-04-04,03:50:02.378344,5665.201,1.995
2018-04-04,03:50:03.498550,5662.759,1.995
2018-04-04,03:50:04.617402,5660.317,1.995
2018-04-04,03:50:05.737989,5657.875,1.995
2018-04-04,03:50:06.869459,5665.201,1.996
2018-04-04,03:50:07.992797,5660.317,1.995
2018-04-04,03:50:09.114927,5657.875,1.995
2018-04-04,03:50:10.237240,5665.201,1.995
2018-04-04,03:50:11.359453,5670.085,1.995
2018-04-04,03:50:12.483150,5655.433,1.996
2018-04-04,03:50:13.603217,5692.063,1.995
2018-04-04,03:50:14.727307,5655.433,1.995
2018-04-04,03:50:15.848315,5657.875,1.995
2018-04-04,03:50:16.968534,5652.991,1.995
2018-04-04,03:50:18.091908,5645.665,1.995
2018-04-04,03:50:19.211310,5638.339,1.995
2018-04-04,03:50:20.330422,5665.201,1.995
2018-04-04,03:50:21.449736,5657.875,1.995
2018-04-04,03:50:22.569312,5640.781,1.995
2018-04-04,03:50:23.689313,5660.317,1.995
2018-04-04,03:50:24.811692,5660.317,1.995
2018-04-04,03:50:25.932382,5648.107,1.995
2018-04-04,03:50:27.051366,5657.875,1.995
2018-04-04,03:50:28.173295,5687.179,1.995
2018-04-04,03:50:29.297391,5648.107,1.995
2018-04-04,03:50:30.421211,5652.991,1.995
2018-04-04,03:50:31.545562,5652.991,1.995
2018-04-04,03:50:32.673052,5645.665,1.995
2018-04-04,03:50:33.795595,5638.339,1.995
2018-04-04,03:50:34.914099,5635.897,1.995
2018-04-04,03:50:36.666659,5628.571,1.995
2018-04-04,03:50:37.786249,5648.107,1.995
2018-04-04,03:50:38.906106,5662.759,1.995
2018-04-04,03:50:40.026116,5662.759,1.995
2018-04-04,03:50:41.146061,5665.201,1.995
2018-04-04,03:50:42.265007,5665.201,1.995
2018-04-04,03:50:43.383982,5665.201,1.995
2018-04-04,03:50:44.504279,5682.295,1.995
2018-04-04,03:50:45.630212,5662.759,1.995
2018-04-04,03:50:46.751625,5665.201,1.995
2018-04-04,03:50:47.871154,5660.317,1.995
2018-04-04,03:50:48.994810,5660.317,1.995
2018-04-04,03:50:50.116079,5660.317,1.995
2018-04-04,03:50:51.239974,5665.201,1.995
2018-04-04,03:50:52.359642,5660.317,1.995
2018-04-04,03:50:53.483198,5660.317,1.995
2018-04-04,03:50:54.605988,5662.759,1.995
2018-04-04,03:50:55.736541,5679.853,1.995
2018-04-04,03:50:56.856957,5662.759,1.996
2018-04-04,03:50:57.979897,5679.853,1.995
2018-04-04,03:50:59.102369,5667.643,1.995
2018-04-04,03:51:00.221883,5667.643,1.995
2018-04-04,03:51:01.343786,5674.969,1.995
2018-04-04,03:51:02.464748,5657.875,1.995
2018-04-04,03:51:03.585423,5657.875,1.996
2018-04-04,03:51:04.708409,5643.223,1.995
2018-04-04,03:51:06.389100,5652.991,1.995
2018-04-04,03:51:07.513344,5652.991,1.995
2018-04-04,03:51:08.642410,5655.433,1.995
2018-04-04,03:51:09.767101,5662.759,1.995
2018-04-04,03:51:10.890044,5657.875,1.995
2018-04-04,03:51:12.013841,5655.433,1.995
2018-04-04,03:51:13.133413,5655.433,1.995
2018-04-04,03:51:14.261666,5662.759,1.995
2018-04-04,03:51:15.381875,5662.759,1.995
2018-04-04,03:51:16.500960,5660.317,1.995
2018-04-04,03:51:17.620958,5648.107,1.995
2018-04-04,03:51:18.740537,5670.085,1.995
2018-04-04,03:51:19.860535,5657.875,1.995
2018-04-04,03:51:20.980780,5660.317,1.995
2018-04-04,03:51:22.100836,5662.759,1.995
2018-04-04,03:51:23.223905,5665.201,1.995
2018-04-04,03:51:24.348334,5660.317,1.995
2018-04-04,03:51:25.472939,5660.317,1.995
2018-04-04,03:51:26.592344,5660.317,1.995
2018-04-04,03:51:27.722421,5662.759,1.995
2018-04-04,03:51:28.846634,5660.317,1.995
2018-04-04,03:51:29.965621,5660.317,1.995
2018-04-04,03:51:31.084756,5662.759,1.995
2018-04-04,03:51:32.208251,5662.759,1.995
2018-04-04,03:51:33.327647,5648.107,1.995
2018-04-04,03:51:34.448030,5643.223,1.995
2018-04-04,03:51:36.675878,5650.549,1.995
2018-04-04,03:51:37.794302,5660.317,1.995
2018-04-04,03:51:38.913414,5682.295,1.995
2018-04-04,03:51:40.034210,5667.643,1.995
2018-04-04,03:51:41.155762,5660.317,1.995
2018-04-04,03:51:42.275590,5645.665,1.995
2018-04-04,03:51:43.394138,5665.201,1.995
2018-04-04,03:51:44.517990,5670.085,1.995
2018-04-04,03:51:45.637248,5672.527,1.995
2018-04-04,03:51:46.756307,5667.643,1.995
2018-04-04,03:51:47.888444,5665.201,1.995
2018-04-04,03:51:49.008058,5667.643,1.995
2018-04-04,03:51:50.127270,5665.201,1.995
2018-04-04,03:51:51.246461,5670.085,1.995
2018-04-04,03:51:52.365393,5667.643,1.995
2018-04-04,03:51:53.484513,5665.201,1.995
2018-04-04,03:51:54.602475,5687.179,1.995
2018-04-04,03:51:55.734012,5662.759,1.995
2018-04-04,03:51:56.853320,5679.853,1.995
2018-04-04,03:51:57.974100,5662.759,1.995
2018-04-04,03:51:59.092548,5670.085,1.995
2018-04-04,03:52:00.211489,5667.643,1.995
2018-04-04,03:52:01.332699,5665.201,1.995
2018-04-04,03:52:02.461235,5662.759,1.995
2018-04-04,03:52:03.584264,5655.433,1.995
2018-04-04,03:52:04.704955,5640.781,1.995
2018-04-04,03:52:05.825354,5643.223,1.995
2018-04-04,03:52:06.946027,5652.991,1.995
2018-04-04,03:52:08.064951,5657.875,1.995
2018-04-04,03:52:09.188235,5665.201,1.995
2018-04-04,03:52:10.307242,5667.643,1.996
2018-04-04,03:52:11.426042,5667.643,1.995
2018-04-04,03:52:12.545708,5670.085,1.995
2018-04-04,03:52:13.664611,5674.969,1.995
2018-04-04,03:52:14.784305,5670.085,1.995
2018-04-04,03:52:15.915779,5667.643,1.995
2018-04-04,03:52:17.035861,5665.201,1.995
2018-04-04,03:52:18.155172,5687.179,1.995
2018-04-04,03:52:19.277935,5672.527,1.995
2018-04-04,03:52:20.400840,5672.527,1.995
2018-04-04,03:52:21.520572,5672.527,1.995
2018-04-04,03:52:22.642510,5665.201,1.995
2018-04-04,03:52:23.764731,5667.643,1.995
2018-04-04,03:52:24.887402,5667.643,1.995
2018-04-04,03:52:26.013223,5670.085,1.995
2018-04-04,03:52:27.135857,5667.643,1.995
2018-04-04,03:52:28.256668,5670.085,1.995
2018-04-04,03:52:29.377917,5672.527,1.995
2018-04-04,03:52:30.496987,5662.759,1.995
2018-04-04,03:52:31.616616,5667.643,1.995
2018-04-04,03:52:32.738022,5667.643,1.995
2018-04-04,03:52:33.858074,5662.759,1.995
2018-04-04,03:52:34.980339,5650.549,1.995
2018-04-04,03:52:36.102637,5650.549,1.995
2018-04-04,03:52:37.223246,5665.201,1.995
2018-04-04,03:52:38.342660,5662.759,1.995
2018-04-04,03:52:39.462611,5665.201,1.995
2018-04-04,03:52:40.595557,5665.201,1.995
2018-04-04,03:52:41.718718,5670.085,1.995
2018-04-04,03:52:42.843247,5706.716,1.995
2018-04-04,03:52:43.966438,5672.527,1.995
2018-04-04,03:52:45.090146,5670.085,1.995
2018-04-04,03:52:46.209956,5672.527,1.995
2018-04-04,03:52:47.332567,5677.411,1.995
2018-04-04,03:52:48.454024,5677.411,1.995
2018-04-04,03:52:49.574434,5657.875,1.995
2018-04-04,03:52:50.694575,5672.527,1.995
2018-04-04,03:52:51.813713,5696.947,1.995
2018-04-04,03:52:52.933340,5711.600,1.995
2018-04-04,03:52:54.052226,5672.527,1.995
2018-04-04,03:52:55.171635,5667.643,1.995
2018-04-04,03:52:56.291639,5674.969,1.995
2018-04-04,03:52:57.418887,5679.853,1.995
2018-04-04,03:52:58.541106,5665.201,1.995
2018-04-04,03:52:59.661860,5672.527,1.995
2018-04-04,03:53:00.780435,5674.969,1.995
2018-04-04,03:53:01.901448,5670.085,1.995
2018-04-04,03:53:03.021140,5672.527,1.995
2018-04-04,03:53:04.141152,5689.621,1.995
2018-04-04,03:53:05.257503,5682.295,1.995
2018-04-04,03:53:08.309595,5684.737,1.995
2018-04-04,03:53:09.444041,5679.853,1.995
2018-04-04,03:53:10.563655,5662.759,1.995
2018-04-04,03:53:11.682773,5667.643,1.995
2018-04-04,03:53:12.802121,5672.527,1.995
2018-04-04,03:53:13.922799,5665.201,1.995
2018-04-04,03:53:15.042641,5672.527,1.995
2018-04-04,03:53:16.162586,5660.317,1.995
2018-04-04,03:53:17.281233,5665.201,1.995
2018-04-04,03:53:18.402231,5662.759,1.995
2018-04-04,03:53:19.534913,5643.223,1.995
2018-04-04,03:53:20.654077,5667.643,1.995
2018-04-04,03:53:21.773202,5672.527,1.995
2018-04-04,03:53:22.896274,5662.759,1.995
2018-04-04,03:53:24.016367,5662.759,1.995
2018-04-04,03:53:25.135710,5660.317,1.995
2018-04-04,03:53:26.259105,5667.643,1.995
2018-04-04,03:53:27.379859,5665.201,1.995
2018-04-04,03:53:28.503205,5660.317,1.995
2018-04-04,03:53:29.624905,5662.759,1.995
2018-04-04,03:53:30.748174,5660.317,1.995
2018-04-04,03:53:31.868847,5660.317,1.995
2018-04-04,03:53:32.989870,5655.433,1.995
2018-04-04,03:53:34.110975,5638.339,1.995
2018-04-04,03:53:35.232243,5640.781,1.995
2018-04-04,03:53:36.433130,5652.991,1.995
2018-04-04,03:53:37.553102,5640.781,1.995
2018-04-04,03:53:38.685026,5660.317,1.995
2018-04-04,03:53:39.804063,5677.411,1.995
2018-04-04,03:53:40.923785,5665.201,1.995
2018-04-04,03:53:42.046462,5674.969,1.995
2018-04-04,03:53:43.166012,5674.969,1.995
2018-04-04,03:53:44.285749,5677.411,1.995
2018-04-04,03:53:45.405101,5692.063,1.995
2018-04-04,03:53:46.524349,5677.411,1.995
2018-04-04,03:53:47.646102,5674.969,1.995
2018-04-04,03:53:48.769746,5682.295,1.995
2018-04-04,03:53:49.897429,5667.643,1.995
2018-04-04,03:53:51.018728,5670.085,1.995
2018-04-04,03:53:52.138402,5677.411,1.995
2018-04-04,03:53:53.263624,5662.759,1.996
2018-04-04,03:53:54.389677,5684.737,1.995
2018-04-04,03:53:55.508774,5672.527,1.995
2018-04-04,03:53:56.634199,5672.527,1.995
2018-04-04,03:53:57.754453,5672.527,1.995
2018-04-04,03:53:58.873944,5667.643,1.995
2018-04-04,03:53:59.992657,5674.969,1.995
2018-04-04,03:54:01.119451,5679.853,1.995
2018-04-04,03:54:02.246063,5667.643,1.995
2018-04-04,03:54:03.365811,5667.643,1.995
2018-04-04,03:54:04.486626,5667.643,1.995
2018-04-04,03:54:05.606079,5645.665,1.995
2018-04-04,03:54:07.134968,5655.433,1.995
2018-04-04,03:54:08.254802,5665.201,1.995
2018-04-04,03:54:09.373380,5672.527,1.995
2018-04-04,03:54:10.492657,5670.085,1.995
2018-04-04,03:54:11.611702,5670.085,1.995
2018-04-04,03:54:12.731888,5677.411,1.995
2018-04-04,03:54:13.851562,5677.411,1.996
2018-04-04,03:54:14.971435,5670.085,1.995
2018-04-04,03:54:16.091380,5672.527,1.995
2018-04-04,03:54:17.210851,5672.527,1.995
2018-04-04,03:54:18.330226,5674.969,1.995
2018-04-04,03:54:19.449486,5679.853,1.995
2018-04-04,03:54:20.568760,5672.527,1.995
2018-04-04,03:54:21.689399,5667.643,1.995
2018-04-04,03:54:22.808844,5679.853,1.996
2018-04-04,03:54:23.927843,5682.295,1.995
2018-04-04,03:54:25.047945,5687.179,1.995
2018-04-04,03:54:26.167350,5672.527,1.995
2018-04-04,03:54:27.286275,5672.527,1.995
2018-04-04,03:54:28.404843,5682.295,1.995
2018-04-04,03:54:29.524535,5672.527,1.995
2018-04-04,03:54:30.644351,5672.527,1.995
2018-04-04,03:54:31.766051,5667.643,1.995
2018-04-04,03:54:32.888006,5672.527,1.995
2018-04-04,03:54:34.008061,5662.759,1.995
2018-04-04,03:54:35.128530,5657.875,1.995
2018-04-04,03:54:36.248736,5665.201,1.995
2018-04-04,03:54:37.469845,5677.411,1.995
2018-04-04,03:54:38.589476,5672.527,1.995
2018-04-04,03:54:39.709389,5674.969,1.995
2018-04-04,03:54:40.828855,5679.853,1.995
2018-04-04,03:54:41.948878,5677.411,1.995
2018-04-04,03:54:43.069690,5677.411,1.995
2018-04-04,03:54:44.189702,5677.411,1.995
2018-04-04,03:54:45.318410,5684.737,1.995
2018-04-04,03:54:46.442584,5682.295,1.996
2018-04-04,03:54:47.569542,5682.295,1.995
2018-04-04,03:54:48.688352,5689.621,1.995
2018-04-04,03:54:49.811877,5684.737,1.995
2018-04-04,03:54:50.931536,5679.853,1.995
2018-04-04,03:54:52.058317,5687.179,1.995
2018-04-04,03:54:53.177311,5684.737,1.995
2018-04-04,03:54:54.295674,5682.295,1.995
2018-04-04,03:54:55.416983,5684.737,1.995
2018-04-04,03:54:56.536977,5655.433,1.995
2018-04-04,03:54:57.656977,5679.853,1.995
2018-04-04,03:54:58.781036,5679.853,1.995
2018-04-04,03:54:59.903473,5682.295,1.995
2018-04-04,03:55:01.038185,5677.411,1.995
2018-04-04,03:55:02.156876,5687.179,1.995
2018-04-04,03:55:03.275272,5682.295,1.995
2018-04-04,03:55:04.396225,5677.411,1.995
2018-04-04,03:55:05.522616,5674.969,1.995
2018-04-04,03:55:07.792411,5665.201,1.995
2018-04-04,03:55:08.911961,5672.527,1.995
2018-04-04,03:55:10.030757,5674.969,1.995
2018-04-04,03:55:11.150548,5682.295,1.995
2018-04-04,03:55:12.273766,5674.969,1.995
2018-04-04,03:55:13.393806,5677.411,1.995
2018-04-04,03:55:14.516985,5677.411,1.995
2018-04-04,03:55:15.638433,5677.411,1.996
2018-04-04,03:55:16.757700,5682.295,1.995
2018-04-04,03:55:17.877096,5687.179,1.995
2018-04-04,03:55:18.996002,5689.621,1.995
2018-04-04,03:55:20.114709,5677.411,1.995
2018-04-04,03:55:21.239427,5687.179,1.995
2018-04-04,03:55:22.358796,5684.737,1.995
2018-04-04,03:55:23.478319,5687.179,1.995
2018-04-04,03:55:24.598147,5672.527,1.995
2018-04-04,03:55:25.718126,5682.295,1.995
2018-04-04,03:55:26.837543,5687.179,1.996
2018-04-04,03:55:27.961831,5687.179,1.995
2018-04-04,03:55:29.082413,5692.063,1.995
2018-04-04,03:55:30.203302,5694.505,1.995
2018-04-04,03:55:31.324195,5692.063,1.995
2018-04-04,03:55:32.443598,5682.295,1.995
2018-04-04,03:55:33.569082,5687.179,1.995
2018-04-04,03:55:34.693707,5674.969,1.995
2018-04-04,03:55:35.817475,5667.643,1.995
2018-04-04,03:55:38.144414,5677.411,1.995
2018-04-04,03:55:39.264047,5687.179,1.995
2018-04-04,03:55:40.386506,5696.947,1.995
2018-04-04,03:55:41.509206,5694.505,1.995
2018-04-04,03:55:42.631334,5687.179,1.995
2018-04-04,03:55:43.750534,5692.063,1.995
2018-04-04,03:55:44.871930,5692.063,1.995
2018-04-04,03:55:45.999313,5694.505,1.995
2018-04-04,03:55:47.127266,5687.179,1.995
2018-04-04,03:55:48.249463,5689.621,1.995
2018-04-04,03:55:49.373736,5682.295,1.995
2018-04-04,03:55:50.496300,5692.063,1.995
2018-04-04,03:55:51.621075,5689.621,1.995
2018-04-04,03:55:52.740901,5687.179,1.995
2018-04-04,03:55:53.860674,5687.179,1.995
2018-04-04,03:55:54.985066,5694.505,1.995
2018-04-04,03:55:56.103997,5689.621,1.995
2018-04-04,03:55:57.223634,5679.853,1.995
2018-04-04,03:55:58.341586,5689.621,1.995
2018-04-04,03:55:59.460963,5687.179,1.995
2018-04-04,03:56:00.586439,5716.484,1.995
2018-04-04,03:56:01.705928,5694.505,1.995
2018-04-04,03:56:02.826156,5692.063,1.995
2018-04-04,03:56:03.945006,5689.621,1.995
2018-04-04,03:56:05.079340,5674.969,1.995
2018-04-04,03:56:06.199987,5674.969,1.995
2018-04-04,03:56:08.500559,5660.317,1.995
2018-04-04,03:56:09.619546,5689.621,1.995
2018-04-04,03:56:10.738049,5689.621,1.995
2018-04-04,03:56:11.858053,5696.947,1.995
2018-04-04,03:56:12.977702,5689.621,1.996
2018-04-04,03:56:14.098944,5694.505,1.995
2018-04-04,03:56:15.218320,5682.295,1.996
2018-04-04,03:56:16.337408,5687.179,1.995
2018-04-04,03:56:17.457422,5694.505,1.995
2018-04-04,03:56:18.577982,5696.947,1.995
2018-04-04,03:56:19.697872,5694.505,1.995
2018-04-04,03:56:20.818903,5689.621,1.995
2018-04-04,03:56:21.936930,5711.600,1.995
2018-04-04,03:56:23.056628,5687.179,1.995
2018-04-04,03:56:24.177787,5694.505,1.995
2018-04-04,03:56:25.297170,5665.201,1.995
2018-04-04,03:56:26.416835,5689.621,1.995
2018-04-04,03:56:27.535574,5689.621,1.996
2018-04-04,03:56:28.654433,5689.621,1.996
2018-04-04,03:56:29.774313,5682.295,1.995
2018-04-04,03:56:30.898029,5679.853,1.995
2018-04-04,03:56:32.025123,5689.621,1.995
2018-04-04,03:56:33.149279,5684.737,1.995
2018-04-04,03:56:34.269993,5684.737,1.995
2018-04-04,03:56:35.398548,5687.179,1.995
2018-04-04,03:56:36.519195,5672.527,1.995
2018-04-04,03:56:38.948887,5679.853,1.995
2018-04-04,03:56:40.067842,5689.621,1.995
2018-04-04,03:56:41.187031,5679.853,1.995
2018-04-04,03:56:42.307060,5684.737,1.995
2018-04-04,03:56:43.426765,5660.317,1.995
2018-04-04,03:56:44.549898,5682.295,1.995
2018-04-04,03:56:45.675277,5687.179,1.995
2018-04-04,03:56:46.796221,5684.737,1.995
2018-04-04,03:56:47.917035,5687.179,1.995
2018-04-04,03:56:49.036460,5682.295,1.995
2018-04-04,03:56:50.156878,5684.737,1.995
2018-04-04,03:56:51.276225,5689.621,1.995
2018-04-04,03:56:52.395568,5684.737,1.995
2018-04-04,03:56:53.516978,5684.737,1.996
2018-04-04,03:56:54.636797,5682.295,1.995
2018-04-04,03:56:55.755387,5689.621,1.995
2018-04-04,03:56:56.877279,5687.179,1.995
2018-04-04,03:56:57.998352,5687.179,1.995
2018-04-04,03:56:59.117478,5689.621,1.995
2018-04-04,03:57:00.236602,5689.621,1.995
2018-04-04,03:57:01.356182,5692.063,1.995
2018-04-04,03:57:02.475064,5684.737,1.995
2018-04-04,03:57:03.593789,5687.179,1.995
2018-04-04,03:57:04.721344,5677.411,1.995
2018-04-04,03:57:05.842455,5672.527,1.995
2018-04-04,03:57:08.999143,5679.853,1.995
2018-04-04,03:57:10.119783,5687.179,1.995
2018-04-04,03:57:11.244663,5682.295,1.995
2018-04-04,03:57:12.363861,5684.737,1.995
2018-04-04,03:57:13.486731,5684.737,1.995
2018-04-04,03:57:14.607255,5687.179,1.995
2018-04-04,03:57:15.728390,5687.179,1.995
2018-04-04,03:57:16.847306,5684.737,1.995
2018-04-04,03:57:17.967290,5682.295,1.995
2018-04-04,03:57:19.087248,5687.179,1.995
2018-04-04,03:57:20.206310,5689.621,1.995
2018-04-04,03:57:21.325054,5687.179,1.995
2018-04-04,03:57:22.444638,5692.063,1.995
2018-04-04,03:57:23.567279,5684.737,1.995
2018-04-04,03:57:24.687785,5682.295,1.995
2018-04-04,03:57:25.807722,5684.737,1.995
2018-04-04,03:57:26.926582,5687.179,1.995
2018-04-04,03:57:28.046413,5682.295,1.995
2018-04-04,03:57:29.164629,5684.737,1.995
2018-04-04,03:57:30.285207,5679.853,1.995
2018-04-04,03:57:31.405379,5670.085,1.995
2018-04-04,03:57:32.525425,5684.737,1.995
2018-04-04,03:57:33.644401,5682.295,1.995
2018-04-04,03:57:34.763503,5677.411,1.995
2018-04-04,03:57:35.884063,5677.411,1.996
2018-04-04,03:57:37.015912,5643.223,1.995
2018-04-04,03:57:38.138568,5665.201,1.995
2018-04-04,03:57:39.258192,5679.853,1.995
2018-04-04,03:57:40.377753,5684.737,1.995
2018-04-04,03:57:41.496054,5674.969,1.995
2018-04-04,03:57:42.615376,5684.737,1.995
2018-04-04,03:57:43.738567,5684.737,1.995
2018-04-04,03:57:44.858804,5684.737,1.995
2018-04-04,03:57:45.982582,5692.063,1.995
2018-04-04,03:57:47.103770,5687.179,1.996
2018-04-04,03:57:48.223477,5679.853,1.995
2018-04-04,03:57:49.344206,5687.179,1.995
2018-04-04,03:57:50.468900,5684.737,1.995
2018-04-04,03:57:51.594048,5689.621,1.995
2018-04-04,03:57:52.714362,5684.737,1.995
2018-04-04,03:57:53.835508,5679.853,1.995
2018-04-04,03:57:54.958891,5682.295,1.995
2018-04-04,03:57:56.079683,5682.295,1.995
2018-04-04,03:57:57.203190,5682.295,1.995
2018-04-04,03:57:58.324462,5682.295,1.995
2018-04-04,03:57:59.444669,5674.969,1.995
2018-04-04,03:58:00.565138,5684.737,1.996
2018-04-04,03:58:01.688083,5682.295,1.995
2018-04-04,03:58:02.813280,5699.389,1.995
2018-04-04,03:58:03.938377,5684.737,1.995
2018-04-04,03:58:05.063272,5704.274,1.995
2018-04-04,03:58:06.186928,5677.411,1.995
2018-04-04,03:58:07.309475,5667.643,1.995
2018-04-04,03:58:08.437085,5660.317,1.996
2018-04-04,03:58:09.564185,5657.875,1.995
2018-04-04,03:58:10.685422,5677.411,1.995
2018-04-04,03:58:11.809343,5674.969,1.995
2018-04-04,03:58:12.933024,5682.295,1.995
2018-04-04,03:58:14.056554,5682.295,1.995
2018-04-04,03:58:15.178560,5682.295,1.995
2018-04-04,03:58:16.298228,5684.737,1.995
2018-04-04,03:58:17.418856,5679.853,1.995
2018-04-04,03:58:18.538468,5684.737,1.995
2018-04-04,03:58:19.657690,5718.926,1.995
2018-04-04,03:58:20.778331,5682.295,1.995
2018-04-04,03:58:21.897999,5679.853,1.995
2018-04-04,03:58:23.017191,5689.621,1.995
2018-04-04,03:58:24.136514,5684.737,1.995
2018-04-04,03:58:25.255728,5687.179,1.995
2018-04-04,03:58:26.377292,5679.853,1.995
2018-04-04,03:58:27.496586,5682.295,1.995
2018-04-04,03:58:28.615570,5684.737,1.995
2018-04-04,03:58:29.735657,5684.737,1.995
2018-04-04,03:58:30.853943,5667.643,1.995
2018-04-04,03:58:31.972747,5687.179,1.995
2018-04-04,03:58:33.094880,5679.853,1.995
2018-04-04,03:58:34.214408,5684.737,1.995
2018-04-04,03:58:35.333245,5674.969,1.995
2018-04-04,03:58:36.453414,5689.621,1.996
2018-04-04,03:58:37.573732,5665.201,1.995
2018-04-04,03:58:38.703010,5657.875,1.995
2018-04-04,03:58:39.825795,5662.759,1.995
2018-04-04,03:58:40.947995,5662.759,1.995
2018-04-04,03:58:42.068102,5679.853,1.995
2018-04-04,03:58:43.187609,5674.969,1.995
2018-04-04,03:58:44.306106,5674.969,1.995
2018-04-04,03:58:45.425715,5677.411,1.995
2018-04-04,03:58:46.544394,5684.737,1.995
2018-04-04,03:58:47.664428,5687.179,1.995
2018-04-04,03:58:48.785123,5696.947,1.995
2018-04-04,03:58:49.904110,5689.621,1.995
2018-04-04,03:58:51.025817,5682.295,1.995
2018-04-04,03:58:52.146065,5682.295,1.995
2018-04-04,03:58:53.265463,5682.295,1.995
2018-04-04,03:58:54.383736,5704.274,1.995
2018-04-04,03:58:55.503017,5679.853,1.995
2018-04-04,03:58:56.621941,5679.853,1.995
2018-04-04,03:58:57.743010,5684.737,1.995
2018-04-04,03:58:58.863028,5689.621,1.995
2018-04-04,03:58:59.982459,5684.737,1.995
2018-04-04,03:59:01.103185,5679.853,1.995
2018-04-04,03:59:02.223131,5677.411,1.995
2018-04-04,03:59:03.343453,5667.643,1.995
2018-04-04,03:59:04.464128,5655.433,1.995
2018-04-04,03:59:05.583508,5682.295,1.995
2018-04-04,03:59:06.703566,5667.643,1.995
2018-04-04,03:59:07.824106,5667.643,1.995
2018-04-04,03:59:08.944177,5652.991,1.995
2018-04-04,03:59:10.070585,5660.317,1.995
2018-04-04,03:59:11.191634,5674.969,1.995
2018-04-04,03:59:12.311842,5672.527,1.995
2018-04-04,03:59:13.431512,5672.527,1.995
2018-04-04,03:59:14.551328,5679.853,1.995
2018-04-04,03:59:15.673218,5682.295,1.995
2018-04-04,03:59:16.800089,5679.853,1.995
2018-04-04,03:59:17.924555,5684.737,1.995
2018-04-04,03:59:19.048298,5684.737,1.995
2018-04-04,03:59:20.167651,5682.295,1.995
2018-04-04,03:59:21.290778,5679.853,1.995
2018-04-04,03:59:22.415370,5684.737,1.995
2018-04-04,03:59:23.538763,5682.295,1.995
2018-04-04,03:59:24.661896,5684.737,1.995
2018-04-04,03:59:25.785447,5682.295,1.995
2018-04-04,03:59:26.914578,5657.875,1.995
2018-04-04,03:59:28.034935,5677.411,1.995
2018-04-04,03:59:29.157865,5682.295,1.995
2018-04-04,03:59:30.281364,5677.411,1.995
2018-04-04,03:59:31.400871,5677.411,1.995
2018-04-04,03:59:32.530357,5679.853,1.995
2018-04-04,03:59:33.651286,5677.411,1.995
2018-04-04,03:59:34.770970,5674.969,1.995
2018-04-04,03:59:35.890659,5674.969,1.996
2018-04-04,03:59:37.009299,5684.737,1.995
2018-04-04,03:59:38.129354,5670.085,1.995
2018-04-04,03:59:39.251410,5662.759,1.995
2018-04-04,03:59:40.370386,5648.107,1.995
2018-04-04,03:59:41.490353,5657.875,1.995
2018-04-04,03:59:42.613953,5670.085,1.995
2018-04-04,03:59:43.733786,5677.411,1.995
2018-04-04,03:59:44.857188,5674.969,1.995
2018-04-04,03:59:45.979086,5679.853,1.995
2018-04-04,03:59:47.099727,5674.969,1.995
2018-04-04,03:59:48.220378,5679.853,1.995
2018-04-04,03:59:49.340378,5679.853,1.996
2018-04-04,03:59:50.461651,5687.179,1.995
2018-04-04,03:59:51.580480,5701.832,1.995
2018-04-04,03:59:52.701381,5679.853,1.995
2018-04-04,03:59:53.821049,5674.969,1.995
2018-04-04,03:59:54.942584,5677.411,1.996
2018-04-04,03:59:56.063917,5687.179,1.995
2018-04-04,03:59:57.183862,5682.295,1.995
2018-04-04,03:59:58.307582,5684.737,1.996
2018-04-04,03:59:59.427785,5677.411,1.995
2018-04-04,04:00:00.555135,5674.969,1.995
2018-04-04,04:00:01.675000,5674.969,1.995
2018-04-04,04:00:02.793854,5682.295,1.995
2018-04-04,04:00:03.913399,5701.832,1.995
2018-04-04,04:00:05.035612,5684.737,1.995
2018-04-04,04:00:06.158515,5696.947,1.995
2018-04-04,04:00:07.277848,5674.969,1.995
2018-04-04,04:00:08.398016,5667.643,1.995
2018-04-04,04:00:09.518625,5657.875,1.995
2018-04-04,04:00:10.639050,5626.129,1.995
2018-04-04,04:00:11.759234,5657.875,1.995
2018-04-04,04:00:12.879453,5662.759,1.995
2018-04-04,04:00:13.998581,5652.991,1.995
2018-04-04,04:00:15.118129,5674.969,1.995
2018-04-04,04:00:16.238376,5679.853,1.995
2018-04-04,04:00:17.357038,5682.295,1.995
2018-04-04,04:00:18.475297,5679.853,1.995
2018-04-04,04:00:19.594941,5674.969,1.995
2018-04-04,04:00:20.714435,5679.853,1.995
2018-04-04,04:00:21.838239,5674.969,1.995
2018-04-04,04:00:22.957515,5677.411,1.995
2018-04-04,04:00:24.076860,5672.527,1.995
2018-04-04,04:00:25.196881,5674.969,1.995
2018-04-04,04:00:26.316769,5670.085,1.995
2018-04-04,04:00:27.436351,5672.527,1.995
2018-04-04,04:00:28.554882,5674.969,1.995
2018-04-04,04:00:29.674949,5674.969,1.995
2018-04-04,04:00:30.793914,5667.643,1.996
2018-04-04,04:00:31.916542,5670.085,1.995
2018-04-04,04:00:33.039815,5670.085,1.995
2018-04-04,04:00:34.163969,5665.201,1.995
2018-04-04,04:00:35.286451,5662.759,1.995
2018-04-04,04:00:36.406948,5674.969,1.995
2018-04-04,04:00:37.525778,5679.853,1.995
2018-04-04,04:00:38.647298,5665.201,1.995
2018-04-04,04:00:39.768280,5652.991,1.995
2018-04-04,04:00:40.889261,5648.107,1.995
2018-04-04,04:00:42.009029,5652.991,1.995
2018-04-04,04:00:43.128750,5650.549,1.995
2018-04-04,04:00:44.247662,5660.317,1.995
2018-04-04,04:00:45.367415,5662.759,1.995
2018-04-04,04:00:46.487329,5670.085,1.995
2018-04-04,04:00:47.607037,5674.969,1.995
2018-04-04,04:00:48.730225,5670.085,1.995
2018-04-04,04:00:49.854042,5670.085,1.995
2018-04-04,04:00:50.978183,5670.085,1.995
2018-04-04,04:00:52.099718,5667.643,1.996
2018-04-04,04:00:53.219432,5667.643,1.995
2018-04-04,04:00:54.339496,5670.085,1.995
2018-04-04,04:00:55.457955,5672.527,1.995
2018-04-04,04:00:56.580583,5677.411,1.995
2018-04-04,04:00:57.708353,5670.085,1.995
2018-04-04,04:00:58.836397,5670.085,1.995
2018-04-04,04:00:59.956258,5667.643,1.995
2018-04-04,04:01:01.079954,5672.527,1.995
2018-04-04,04:01:02.203264,5696.947,1.995
2018-04-04,04:01:03.323494,5687.179,1.995
2018-04-04,04:01:04.446184,5689.621,1.995
2018-04-04,04:01:05.567097,5670.085,1.995
2018-04-04,04:01:06.687002,5667.643,1.995
2018-04-04,04:01:07.808654,5665.201,1.995
2018-04-04,04:01:08.933324,5674.969,1.995
2018-04-04,04:01:10.054819,5660.317,1.995
2018-04-04,04:01:11.174778,5648.107,1.995
2018-04-04,04:01:12.984849,5655.433,1.996
2018-04-04,04:01:14.108857,5657.875,1.996
2018-04-04,04:01:15.229924,5672.527,1.996
2018-04-04,04:01:16.353377,5692.063,1.995
2018-04-04,04:01:17.471936,5667.643,1.995
2018-04-04,04:01:18.594296,5672.527,1.995
2018-04-04,04:01:19.714574,5677.411,1.995
2018-04-04,04:01:20.839310,5670.085,1.995
2018-04-04,04:01:21.960594,5677.411,1.995
2018-04-04,04:01:23.081590,5670.085,1.995
2018-04-04,04:01:24.203146,5677.411,1.995
2018-04-04,04:01:25.328660,5660.317,1.996
2018-04-04,04:01:26.463121,5672.527,1.995
2018-04-04,04:01:27.583034,5670.085,1.996
2018-04-04,04:01:28.704725,5670.085,1.995
2018-04-04,04:01:29.828982,5679.853,1.995
2018-04-04,04:01:30.949164,5672.527,1.996
2018-04-04,04:01:32.070651,5672.527,1.995
2018-04-04,04:01:33.191587,5672.527,1.995
2018-04-04,04:01:34.328110,5677.411,1.996
2018-04-04,04:01:35.448159,5672.527,1.995
2018-04-04,04:01:36.568235,5670.085,1.995
2018-04-04,04:01:37.688048,5670.085,1.995
2018-04-04,04:01:38.810861,5679.853,1.995
2018-04-04,04:01:39.935631,5670.085,1.995
2018-04-04,04:01:41.056830,5660.317,1.995
2018-04-04,04:01:42.179518,5652.991,1.995
2018-04-04,04:01:43.751464,5662.759,1.996
2018-04-04,04:01:44.871177,5672.527,1.995
2018-04-04,04:01:45.999018,5672.527,1.995
2018-04-04,04:01:47.119942,5672.527,1.995
2018-04-04,04:01:48.238324,5674.969,1.996
2018-04-04,04:01:49.362686,5689.621,1.996
2018-04-04,04:01:50.483480,5696.947,1.995
2018-04-04,04:01:51.601797,5687.179,1.995
2018-04-04,04:01:52.721685,5670.085,1.995
2018-04-04,04:01:53.845584,5677.411,1.996
2018-04-04,04:01:54.964666,5684.737,1.995
2018-04-04,04:01:56.084927,5674.969,1.995
2018-04-04,04:01:57.206108,5672.527,1.995
2018-04-04,04:01:58.331304,5667.643,1.996
2018-04-04,04:01:59.451762,5672.527,1.995
2018-04-04,04:02:00.570986,5674.969,1.995
2018-04-04,04:02:01.692321,5674.969,1.995
2018-04-04,04:02:02.814128,5674.969,1.995
2018-04-04,04:02:03.933387,5696.947,1.995
2018-04-04,04:02:05.053772,5672.527,1.995
2018-04-04,04:02:06.172411,5670.085,1.995
2018-04-04,04:02:07.308790,5672.527,1.995
2018-04-04,04:02:08.431959,5674.969,1.995
2018-04-04,04:02:09.555335,5674.969,1.995
2018-04-04,04:02:10.683781,5667.643,1.995
2018-04-04,04:02:11.808511,5662.759,1.995
2018-04-04,04:02:14.044474,5662.759,1.995
2018-04-04,04:02:15.167224,5667.643,1.995
2018-04-04,04:02:16.288164,5667.643,1.995
2018-04-04,04:02:17.415031,5672.527,1.995
2018-04-04,04:02:18.540832,5674.969,1.995
2018-04-04,04:02:19.663608,5696.947,1.995
2018-04-04,04:02:20.783267,5684.737,1.995
2018-04-04,04:02:21.902374,5672.527,1.995
2018-04-04,04:02:23.021019,5672.527,1.995
2018-04-04,04:02:24.140165,5687.179,1.995
2018-04-04,04:02:25.260777,5682.295,1.995
2018-04-04,04:02:26.380855,5677.411,1.995
2018-04-04,04:02:27.499855,5677.411,1.995
2018-04-04,04:02:28.619971,5672.527,1.995
2018-04-04,04:02:29.739616,5677.411,1.995
2018-04-04,04:02:30.858810,5672.527,1.995
2018-04-04,04:02:31.979119,5674.969,1.995
2018-04-04,04:02:33.098441,5682.295,1.995
2018-04-04,04:02:34.218150,5677.411,1.996
2018-04-04,04:02:35.338322,5682.295,1.995
2018-04-04,04:02:36.457681,5670.085,1.995
2018-04-04,04:02:37.578119,5672.527,1.995
2018-04-04,04:02:38.697886,5674.969,1.995
2018-04-04,04:02:39.817271,5674.969,1.996
2018-04-04,04:02:40.946934,5662.759,1.995
2018-04-04,04:02:42.067359,5660.317,1.995
2018-04-04,04:02:44.453120,5660.317,1.995
2018-04-04,04:02:45.573689,5667.643,1.996
2018-04-04,04:02:46.694317,5677.411,1.995
2018-04-04,04:02:47.814978,5677.411,1.995
2018-04-04,04:02:48.933469,5670.085,1.995
2018-04-04,04:02:50.053375,5674.969,1.995
2018-04-04,04:02:51.173035,5674.969,1.995
2018-04-04,04:02:52.295210,5677.411,1.995
2018-04-04,04:02:53.418545,5670.085,1.995
2018-04-04,04:02:54.538196,5670.085,1.995
2018-04-04,04:02:55.656911,5682.295,1.995
2018-04-04,04:02:56.776425,5679.853,1.995
2018-04-04,04:02:57.895297,5674.969,1.995
2018-04-04,04:02:59.014643,5677.411,1.995
2018-04-04,04:03:00.136214,5677.411,1.995
2018-04-04,04:03:01.255284,5679.853,1.995
2018-04-04,04:03:02.374415,5679.853,1.995
2018-04-04,04:03:03.492992,5679.853,1.995
2018-04-04,04:03:04.618798,5670.085,1.995
2018-04-04,04:03:05.738577,5674.969,1.995
2018-04-04,04:03:06.858650,5674.969,1.995
2018-04-04,04:03:07.979526,5674.969,1.996
2018-04-04,04:03:09.098879,5674.969,1.995
2018-04-04,04:03:10.219412,5682.295,1.995
2018-04-04,04:03:11.340222,5670.085,1.996
2018-04-04,04:03:12.460263,5662.759,1.995
2018-04-04,04:03:15.191946,5679.853,1.995
2018-04-04,04:03:16.311180,5684.737,1.995
2018-04-04,04:03:17.430882,5672.527,1.995
2018-04-04,04:03:18.550902,5684.737,1.995
2018-04-04,04:03:19.676703,5674.969,1.996
2018-04-04,04:03:20.800400,5674.969,1.995
2018-04-04,04:03:21.923470,5667.643,1.995
2018-04-04,04:03:23.046153,5670.085,1.995
2018-04-04,04:03:24.170058,5679.853,1.995
2018-04-04,04:03:25.290502,5682.295,1.995
2018-04-04,04:03:26.410922,5670.085,1.995
2018-04-04,04:03:27.535639,5687.179,1.996
2018-04-04,04:03:28.659506,5674.969,1.995
2018-04-04,04:03:29.781183,5677.411,1.995
2018-04-04,04:03:30.901195,5694.505,1.995
2018-04-04,04:03:32.030459,5665.201,1.995
2018-04-04,04:03:33.154573,5677.411,1.995
2018-04-04,04:03:34.275568,5677.411,1.995
2018-04-04,04:03:35.395795,5682.295,1.996
2018-04-04,04:03:36.516679,5674.969,1.995
2018-04-04,04:03:37.639810,5679.853,1.995
2018-04-04,04:03:38.766158,5674.969,1.995
2018-04-04,04:03:39.886108,5677.411,1.995
2018-04-04,04:03:41.007820,5689.621,1.995
2018-04-04,04:03:42.135803,5672.527,1.995
2018-04-04,04:03:45.966494,5677.411,1.995
2018-04-04,04:03:47.087209,5674.969,1.996
2018-04-04,04:03:48.207007,5674.969,1.995
2018-04-04,04:03:49.344313,5674.969,1.995
2018-04-04,04:03:50.463874,5696.947,1.995
2018-04-04,04:03:51.584175,5674.969,1.995
2018-04-04,04:03:52.703387,5667.643,1.995
2018-04-04,04:03:53.822421,5682.295,1.995
2018-04-04,04:03:54.941486,5670.085,1.996
2018-04-04,04:03:56.067663,5674.969,1.995
2018-04-04,04:03:57.187145,5696.947,1.995
2018-04-04,04:03:58.306466,5672.527,1.995
2018-04-04,04:03:59.430033,5674.969,1.995
2018-04-04,04:04:00.554190,5674.969,1.995
2018-04-04,04:04:01.673024,5672.527,1.995
2018-04-04,04:04:02.793524,5665.201,1.995
2018-04-04,04:04:03.914374,5677.411,1.995
2018-04-04,04:04:05.035568,5677.411,1.995
2018-04-04,04:04:06.156722,5667.643,1.995
2018-04-04,04:04:07.284127,5672.527,1.995
2018-04-04,04:04:08.405049,5682.295,1.995
2018-04-04,04:04:09.525200,5679.853,1.995
2018-04-04,04:04:10.648377,5672.527,1.996
2018-04-04,04:04:11.769653,5670.085,1.995
2018-04-04,04:04:12.890050,5662.759,1.995
2018-04-04,04:04:14.017336,5660.317,1.995
2018-04-04,04:04:15.137129,5657.875,1.995
2018-04-04,04:04:16.257264,5667.643,1.995
2018-04-04,04:04:17.379670,5670.085,1.995
2018-04-04,04:04:18.499302,5660.317,1.995
2018-04-04,04:04:19.618793,5682.295,1.995
2018-04-04,04:04:20.741940,5682.295,1.995
2018-04-04,04:04:21.865177,5684.737,1.995
2018-04-04,04:04:22.986370,5677.411,1.995
2018-04-04,04:04:24.105460,5684.737,1.995
2018-04-04,04:04:25.224688,5687.179,1.995
2018-04-04,04:04:26.346934,5684.737,1.996
2018-04-04,04:04:27.468200,5696.947,1.995
2018-04-04,04:04:28.591961,5672.527,1.996
2018-04-04,04:04:29.710986,5679.853,1.995
2018-04-04,04:04:30.830234,5682.295,1.995
2018-04-04,04:04:31.950581,5682.295,1.995
2018-04-04,04:04:33.069442,5677.411,1.995
2018-04-04,04:04:34.188963,5674.969,1.995
2018-04-04,04:04:35.307987,5679.853,1.995
2018-04-04,04:04:36.427907,5684.737,1.995
2018-04-04,04:04:37.547377,5682.295,1.995
2018-04-04,04:04:38.667599,5679.853,1.995
2018-04-04,04:04:39.790928,5682.295,1.995
2018-04-04,04:04:40.914494,5672.527,1.995
2018-04-04,04:04:42.035005,5665.201,1.995
2018-04-04,04:04:43.154737,5677.411,1.995
2018-04-04,04:04:44.278162,5665.201,1.995
2018-04-04,04:04:45.398257,5670.085,1.995
2018-04-04,04:04:46.518375,5667.643,1.995
2018-04-04,04:04:47.643410,5699.389,1.995
2018-04-04,04:04:48.762642,5682.295,1.995
2018-04-04,04:04:49.883680,5604.151,1.995
2018-04-04,04:04:51.001869,5684.737,1.995
2018-04-04,04:04:52.125461,5682.295,1.995
2018-04-04,04:04:53.249383,5684.737,1.995
2018-04-04,04:04:54.376611,5684.737,1.995
2018-04-04,04:04:55.495826,5687.179,1.996
2018-04-04,04:04:56.617560,5677.411,1.995
2018-04-04,04:04:57.738143,5687.179,1.995
2018-04-04,04:04:58.858982,5689.621,1.995
2018-04-04,04:04:59.990805,5687.179,1.995
2018-04-04,04:05:01.111218,5679.853,1.995
2018-04-04,04:05:02.230035,5682.295,1.995
2018-04-04,04:05:03.351210,5677.411,1.995
2018-04-04,04:05:04.475152,5684.737,1.995
2018-04-04,04:05:05.595430,5679.853,1.995
2018-04-04,04:05:06.722686,5682.295,1.995
2018-04-04,04:05:07.847157,5684.737,1.995
2018-04-04,04:05:08.970907,5679.853,1.995
2018-04-04,04:05:10.090576,5677.411,1.995
2018-04-04,04:05:11.214108,5687.179,1.995
2018-04-04,04:05:12.337539,5677.411,1.995
2018-04-04,04:05:13.458188,5655.433,1.995
2018-04-04,04:05:14.586020,5667.643,1.995
2018-04-04,04:05:15.709012,5635.897,1.995
2018-04-04,04:05:16.831738,5665.201,1.995
2018-04-04,04:05:17.957289,5670.085,1.996
2018-04-04,04:05:19.082771,5684.737,1.995
2018-04-04,04:05:20.201992,5687.179,1.995
2018-04-04,04:05:21.322221,5682.295,1.995
2018-04-04,04:05:22.442360,5682.295,1.996
2018-04-04,04:05:23.562392,5682.295,1.995
2018-04-04,04:05:24.681432,5687.179,1.995
2018-04-04,04:05:25.808936,5682.295,1.996
2018-04-04,04:05:26.932732,5684.737,1.995
2018-04-04,04:05:28.054608,5687.179,1.995
2018-04-04,04:05:29.179970,5687.179,1.996
2018-04-04,04:05:30.301298,5692.063,1.995
2018-04-04,04:05:31.424005,5694.505,1.995
2018-04-04,04:05:32.546673,5674.969,1.995
2018-04-04,04:05:33.677020,5684.737,1.995
2018-04-04,04:05:34.798227,5687.179,1.995
2018-04-04,04:05:35.921101,5682.295,1.995
2018-04-04,04:05:37.046933,5682.295,1.995
2018-04-04,04:05:38.166571,5679.853,1.995
2018-04-04,04:05:39.288538,5679.853,1.995
2018-04-04,04:05:40.408574,5677.411,1.995
2018-04-04,04:05:41.527354,5677.411,1.995
2018-04-04,04:05:42.648591,5677.411,1.996
2018-04-04,04:05:43.776727,5670.085,1.995
2018-04-04,04:05:44.897884,5684.737,1.995
2018-04-04,04:05:46.020248,5665.201,1.995
2018-04-04,04:05:47.148553,5665.201,1.995
2018-04-04,04:05:48.268464,5670.085,1.995
2018-04-04,04:05:49.389347,5674.969,1.995
2018-04-04,04:05:50.509896,5682.295,1.995
2018-04-04,04:05:51.629562,5684.737,1.995
2018-04-04,04:05:52.748842,5677.411,1.995
2018-04-04,04:05:53.876060,5687.179,1.995
2018-04-04,04:05:54.996080,5682.295,1.995
2018-04-04,04:05:56.115370,5679.853,1.995
2018-04-04,04:05:57.235873,5674.969,1.995
2018-04-04,04:05:58.357226,5687.179,1.995
2018-04-04,04:05:59.478552,5679.853,1.995
2018-04-04,04:06:00.599462,5679.853,1.995
2018-04-04,04:06:01.719033,5687.179,1.995
2018-04-04,04:06:02.845379,5679.853,1.995
2018-04-04,04:06:03.965862,5679.853,1.995
2018-04-04,04:06:05.084376,5682.295,1.995
2018-04-04,04:06:06.204601,5677.411,1.995
2018-04-04,04:06:07.323459,5679.853,1.995
2018-04-04,04:06:08.442954,5679.853,1.995
2018-04-04,04:06:09.562686,5679.853,1.995
2018-04-04,04:06:10.681438,5696.947,1.995
2018-04-04,04:06:11.801713,5672.527,1.995
2018-04-04,04:06:12.920681,5672.527,1.995
2018-04-04,04:06:14.049704,5657.875,1.995
2018-04-04,04:06:15.170734,5665.201,1.995
2018-04-04,04:06:16.291030,5657.875,1.995
2018-04-04,04:06:17.410686,5657.875,1.995
2018-04-04,04:06:18.626148,5660.317,1.995
2018-04-04,04:06:19.744487,5684.737,1.995
2018-04-04,04:06:20.863856,5670.085,1.995
2018-04-04,04:06:21.984242,5679.853,1.995
2018-04-04,04:06:23.107552,5679.853,1.995
2018-04-04,04:06:24.228363,5677.411,1.995
2018-04-04,04:06:25.349030,5694.505,1.995
2018-04-04,04:06:26.472366,5672.527,1.995
2018-04-04,04:06:27.592333,5682.295,1.995
2018-04-04,04:06:28.711522,5682.295,1.996
2018-04-04,04:06:29.830554,5692.063,1.995
2018-04-04,04:06:30.949779,5679.853,1.995
2018-04-04,04:06:32.069137,5679.853,1.995
2018-04-04,04:06:33.190968,5684.737,1.995
2018-04-04,04:06:34.314330,5677.411,1.995
2018-04-04,04:06:35.437370,5682.295,1.995
2018-04-04,04:06:36.561951,5677.411,1.995
2018-04-04,04:06:37.685011,5682.295,1.995
2018-04-04,04:06:38.804277,5674.969,1.995
2018-04-04,04:06:39.924151,5672.527,1.995
2018-04-04,04:06:41.052429,5674.969,1.995
2018-04-04,04:06:42.171872,5674.969,1.995
2018-04-04,04:06:43.295542,5684.737,1.995
2018-04-04,04:06:44.422792,5674.969,1.995
2018-04-04,04:06:45.546874,5655.433,1.995
2018-04-04,04:06:46.667599,5640.781,1.995
2018-04-04,04:06:47.787302,5652.991,1.995
2018-04-04,04:06:48.906036,5672.527,1.995
2018-04-04,04:06:50.033635,5667.643,1.995
2018-04-04,04:06:51.153772,5672.527,1.995
2018-04-04,04:06:52.273300,5689.621,1.995
2018-04-04,04:06:53.391809,5672.527,1.995
2018-04-04,04:06:54.521617,5674.969,1.995
2018-04-04,04:06:55.644721,5677.411,1.995
2018-04-04,04:06:56.767393,5677.411,1.995
2018-04-04,04:06:57.889384,5684.737,1.996
2018-04-04,04:06:59.010175,5684.737,1.996
2018-04-04,04:07:00.133923,5679.853,1.995
2018-04-04,04:07:01.257628,5684.737,1.995
2018-04-04,04:07:02.377762,5679.853,1.995
2018-04-04,04:07:03.497375,5667.643,1.996
2018-04-04,04:07:04.616293,5679.853,1.996
2018-04-04,04:07:05.734519,5677.411,1.995
2018-04-04,04:07:06.854109,5677.411,1.995
2018-04-04,04:07:07.973386,5679.853,1.995
2018-04-04,04:07:09.092862,5674.969,1.995
2018-04-04,04:07:10.211586,5672.527,1.995
2018-04-04,04:07:11.331228,5677.411,1.995
2018-04-04,04:07:12.451321,5677.411,1.995
2018-04-04,04:07:13.570112,5684.737,1.996
2018-04-04,04:07:14.701648,5674.969,1.995
2018-04-04,04:07:15.821660,5652.991,1.995
2018-04-04,04:07:16.940919,5652.991,1.995
2018-04-04,04:07:19.004646,5667.643,1.995
2018-04-04,04:07:20.124040,5665.201,1.996
2018-04-04,04:07:21.242487,5682.295,1.995
2018-04-04,04:07:22.365095,5687.179,1.995
2018-04-04,04:07:23.484704,5679.853,1.995
2018-04-04,04:07:24.603228,5692.063,1.995
2018-04-04,04:07:25.722733,5677.411,1.995
2018-04-04,04:07:26.840979,5687.179,1.995
2018-04-04,04:07:27.959685,5684.737,1.995
2018-04-04,04:07:29.088953,5684.737,1.995
2018-04-04,04:07:30.207794,5682.295,1.995
2018-04-04,04:07:31.329063,5684.737,1.995
2018-04-04,04:07:32.452676,5687.179,1.995
2018-04-04,04:07:33.576291,5687.179,1.995
2018-04-04,04:07:34.699474,5684.737,1.995
2018-04-04,04:07:35.823283,5692.063,1.995
2018-04-04,04:07:36.946308,5682.295,1.995
2018-04-04,04:07:38.065811,5679.853,1.996
2018-04-04,04:07:39.185437,5682.295,1.995
2018-04-04,04:07:40.306136,5682.295,1.996
2018-04-04,04:07:41.426691,5679.853,1.995
2018-04-04,04:07:42.548645,5684.737,1.996
2018-04-04,04:07:43.678851,5677.411,1.995
2018-04-04,04:07:44.798363,5677.411,1.995
2018-04-04,04:07:45.919022,5672.527,1.995
2018-04-04,04:07:47.040687,5665.201,1.995
2018-04-04,04:07:49.933182,5684.737,1.995
2018-04-04,04:07:51.056207,5674.969,1.995
2018-04-04,04:07:52.180026,5679.853,1.996
2018-04-04,04:07:53.303510,5677.411,1.995
2018-04-04,04:07:54.426473,5687.179,1.995
2018-04-04,04:07:55.547133,5684.737,1.996
2018-04-04,04:07:56.668858,5679.853,1.995
2018-04-04,04:07:57.795162,5696.947,1.996
2018-04-04,04:07:58.915061,5687.179,1.995
2018-04-04,04:08:00.034762,5687.179,1.995
2018-04-04,04:08:01.155030,5679.853,1.995
2018-04-04,04:08:02.275308,5684.737,1.995
2018-04-04,04:08:03.402625,5684.737,1.995
2018-04-04,04:08:04.525769,5679.853,1.995
2018-04-04,04:08:05.645889,5684.737,1.995
2018-04-04,04:08:06.764494,5694.505,1.995
2018-04-04,04:08:07.884017,5677.411,1.996
2018-04-04,04:08:09.003219,5682.295,1.996
2018-04-04,04:08:10.134857,5667.643,1.995
2018-04-04,04:08:11.257952,5682.295,1.995
2018-04-04,04:08:12.378995,5677.411,1.995
2018-04-04,04:08:13.498638,5682.295,1.995
2018-04-04,04:08:14.618171,5677.411,1.995
2018-04-04,04:08:15.738059,5677.411,1.995
2018-04-04,04:08:16.871384,5667.643,1.995
2018-04-04,04:08:17.990594,5657.875,1.995
2018-04-04,04:08:20.138958,5674.969,1.996
2018-04-04,04:08:21.257942,5682.295,1.995
2018-04-04,04:08:22.377429,5667.643,1.996
2018-04-04,04:08:23.496633,5677.411,1.995
2018-04-04,04:08:24.616468,5674.969,1.996
2018-04-04,04:08:25.736367,5677.411,1.995
2018-04-04,04:08:26.855137,5684.737,1.996
2018-04-04,04:08:27.974890,5672.527,1.995
2018-04-04,04:08:29.093420,5694.505,1.996
2018-04-04,04:08:30.212664,5677.411,1.996
2018-04-04,04:08:31.337769,5674.969,1.995
2018-04-04,04:08:32.456958,5682.295,1.995
2018-04-04,04:08:33.576403,5679.853,1.996
2018-04-04,04:08:34.695569,5699.389,1.995
2018-04-04,04:08:35.814259,5679.853,1.995
2018-04-04,04:08:36.933683,5679.853,1.995
2018-04-04,04:08:38.057916,5682.295,1.995
2018-04-04,04:08:39.177984,5679.853,1.995
2018-04-04,04:08:40.298161,5679.853,1.995
2018-04-04,04:08:41.418924,5667.643,1.995
2018-04-04,04:08:42.538917,5674.969,1.995
2018-04-04,04:08:43.657873,5679.853,1.995
2018-04-04,04:08:44.777562,5679.853,1.995
2018-04-04,04:08:45.898419,5674.969,1.995
2018-04-04,04:08:47.019686,5662.759,1.995
2018-04-04,04:08:50.421398,5672.527,1.995
2018-04-04,04:08:51.544893,5674.969,1.996
2018-04-04,04:08:52.665978,5677.411,1.995
2018-04-04,04:08:53.789041,5674.969,1.996
2018-04-04,04:08:54.912251,5679.853,1.995
2018-04-04,04:08:56.031871,5674.969,1.995
2018-04-04,04:08:57.152012,5684.737,1.995
2018-04-04,04:08:58.273147,5667.643,1.995
2018-04-04,04:08:59.393245,5677.411,1.995
2018-04-04,04:09:00.516957,5687.179,1.995
2018-04-04,04:09:01.640065,5684.737,1.995
2018-04-04,04:09:02.765177,5674.969,1.995
2018-04-04,04:09:03.888707,5677.411,1.995
2018-04-04,04:09:05.012227,5677.411,1.995
2018-04-04,04:09:06.135434,5672.527,1.995
2018-04-04,04:09:07.256514,5672.527,1.995
2018-04-04,04:09:08.377044,5696.947,1.995
2018-04-04,04:09:09.500687,5672.527,1.995
2018-04-04,04:09:10.624607,5677.411,1.995
2018-04-04,04:09:11.747511,5674.969,1.995
2018-04-04,04:09:12.870520,5672.527,1.995
2018-04-04,04:09:13.994537,5679.853,1.995
2018-04-04,04:09:15.115273,5672.527,1.995
2018-04-04,04:09:16.236124,5674.969,1.995
2018-04-04,04:09:17.356644,5662.759,1.996
2018-04-04,04:09:20.713155,5670.085,1.995
2018-04-04,04:09:21.834247,5677.411,1.995
2018-04-04,04:09:22.953378,5682.295,1.996
2018-04-04,04:09:24.075441,5672.527,1.995
2018-04-04,04:09:25.196275,5667.643,1.996
2018-04-04,04:09:26.315674,5677.411,1.995
2018-04-04,04:09:27.438643,5670.085,1.996
2018-04-04,04:09:28.558651,5677.411,1.995
2018-04-04,04:09:29.677853,5670.085,1.995
2018-04-04,04:09:30.797711,5672.527,1.995
2018-04-04,04:09:31.917059,5670.085,1.995
2018-04-04,04:09:33.036286,5672.527,1.996
2018-04-04,04:09:34.159061,5679.853,1.996
2018-04-04,04:09:35.278313,5672.527,1.996
2018-04-04,04:09:36.398412,5660.317,1.995
2018-04-04,04:09:37.518059,5672.527,1.995
2018-04-04,04:09:38.636881,5687.179,1.995
2018-04-04,04:09:39.756949,5699.389,1.995
2018-04-04,04:09:40.877081,5672.527,1.995
2018-04-04,04:09:42.002488,5667.643,1.995
2018-04-04,04:09:43.122249,5670.085,1.995
2018-04-04,04:09:44.241632,5672.527,1.995
2018-04-04,04:09:45.361267,5662.759,1.996
2018-04-04,04:09:46.480400,5692.063,1.995
2018-04-04,04:09:47.599330,5660.317,1.996
2018-04-04,04:09:51.003460,5665.201,1.995
2018-04-04,04:09:52.125263,5667.643,1.996
2018-04-04,04:09:53.244396,5672.527,1.996
2018-04-04,04:09:54.368464,5670.085,1.995
2018-04-04,04:09:55.488446,5674.969,1.995
2018-04-04,04:09:56.607795,5672.527,1.996
2018-04-04,04:09:57.727441,5665.201,1.996
2018-04-04,04:09:58.851866,5670.085,1.995
2018-04-04,04:09:59.972587,5672.527,1.996
2018-04-04,04:10:01.095449,5677.411,1.995
2018-04-04,04:10:02.215902,5677.411,1.996
2018-04-04,04:10:03.335127,5677.411,1.995
2018-04-04,04:10:04.454679,5667.643,1.995
2018-04-04,04:10:05.574033,5677.411,1.995
2018-04-04,04:10:06.693325,5687.179,1.996
2018-04-04,04:10:07.812764,5670.085,1.995
2018-04-04,04:10:08.931717,5672.527,1.995
2018-04-04,04:10:10.050133,5674.969,1.995
2018-04-04,04:10:11.178816,5670.085,1.995
2018-04-04,04:10:12.298706,5670.085,1.995
2018-04-04,04:10:13.421165,5679.853,1.995
2018-04-04,04:10:14.541083,5704.274,1.996
2018-04-04,04:10:15.660266,5674.969,1.995
2018-04-04,04:10:16.784518,5677.411,1.995
2018-04-04,04:10:17.906097,5665.201,1.995
2018-04-04,04:10:21.299872,5679.853,1.995
2018-04-04,04:10:22.419693,5670.085,1.995
2018-04-04,04:10:23.538240,5677.411,1.995
2018-04-04,04:10:24.658752,5672.527,1.995
2018-04-04,04:10:25.778706,5672.527,1.995
2018-04-04,04:10:26.897797,5672.527,1.996
2018-04-04,04:10:28.017262,5674.969,1.995
2018-04-04,04:10:29.135575,5674.969,1.995
2018-04-04,04:10:30.254873,5667.643,1.995
2018-04-04,04:10:31.378448,5674.969,1.995
2018-04-04,04:10:32.498911,5672.527,1.995
2018-04-04,04:10:33.618833,5672.527,1.995
2018-04-04,04:10:34.738966,5670.085,1.995
2018-04-04,04:10:35.858593,5674.969,1.995
2018-04-04,04:10:36.979524,5674.969,1.996
2018-04-04,04:10:38.098604,5674.969,1.995
2018-04-04,04:10:39.218782,5667.643,1.995
2018-04-04,04:10:40.339241,5672.527,1.995
2018-04-04,04:10:41.458035,5670.085,1.996
2018-04-04,04:10:42.577427,5674.969,1.996
2018-04-04,04:10:43.700217,5667.643,1.995
2018-04-04,04:10:44.821087,5670.085,1.995
2018-04-04,04:10:45.945082,5667.643,1.995
2018-04-04,04:10:47.069488,5672.527,1.995
2018-04-04,04:10:48.215464,5660.317,1.996
2018-04-04,04:10:49.347000,5628.571,1.995
2018-04-04,04:10:50.474028,5655.433,1.995
2018-04-04,04:10:51.594149,5660.317,1.995
2018-04-04,04:10:52.719388,5665.201,1.995
2018-04-04,04:10:53.842433,5662.759,1.995
2018-04-04,04:10:54.963155,5672.527,1.996
2018-04-04,04:10:56.083162,5674.969,1.995
2018-04-04,04:10:57.203007,5657.875,1.995
2018-04-04,04:10:58.326271,5679.853,1.995
2018-04-04,04:10:59.445213,5684.737,1.995
2018-04-04,04:11:00.564434,5684.737,1.996
2018-04-04,04:11:01.683985,5682.295,1.995
2018-04-04,04:11:02.803338,5684.737,1.995
2018-04-04,04:11:03.921872,5682.295,1.995
2018-04-04,04:11:05.042748,5684.737,1.995
2018-04-04,04:11:06.166885,5684.737,1.995
2018-04-04,04:11:07.287039,5682.295,1.995
2018-04-04,04:11:08.409996,5679.853,1.996
2018-04-04,04:11:09.534120,5682.295,1.995
2018-04-04,04:11:10.658522,5679.853,1.996
2018-04-04,04:11:11.779139,5679.853,1.995
2018-04-04,04:11:12.899151,5674.969,1.995
2018-04-04,04:11:14.021609,5682.295,1.995
2018-04-04,04:11:15.142251,5679.853,1.995
2018-04-04,04:11:16.266274,5687.179,1.996
2018-04-04,04:11:17.390774,5682.295,1.995
2018-04-04,04:11:18.514310,5670.085,1.996
2018-04-04,04:11:19.635907,5679.853,1.995
2018-04-04,04:11:20.756970,5652.991,1.995
2018-04-04,04:11:21.877766,5655.433,1.995
2018-04-04,04:11:23.001864,5699.389,1.995
2018-04-04,04:11:24.138474,5674.969,1.995
2018-04-04,04:11:25.257241,5672.527,1.995
2018-04-04,04:11:26.377994,5677.411,1.995
2018-04-04,04:11:27.498587,5679.853,1.995
2018-04-04,04:11:28.622397,5679.853,1.995
2018-04-04,04:11:29.743068,5684.737,1.995
2018-04-04,04:11:30.870190,5684.737,1.995
2018-04-04,04:11:31.993539,5687.179,1.995
2018-04-04,04:11:33.113702,5674.969,1.996
2018-04-04,04:11:34.232531,5677.411,1.996
2018-04-04,04:11:35.351022,5679.853,1.995
2018-04-04,04:11:36.471133,5672.527,1.996
2018-04-04,04:11:37.600541,5682.295,1.996
2018-04-04,04:11:38.723049,5689.621,1.995
2018-04-04,04:11:39.842805,5679.853,1.995
2018-04-04,04:11:40.962206,5674.969,1.996
2018-04-04,04:11:42.081608,5677.411,1.995
2018-04-04,04:11:43.207976,5672.527,1.995
2018-04-04,04:11:44.328307,5677.411,1.996
2018-04-04,04:11:45.448362,5677.411,1.995
2018-04-04,04:11:46.571661,5672.527,1.996
2018-04-04,04:11:47.692424,5648.107,1.995
2018-04-04,04:11:48.819947,5674.969,1.996
2018-04-04,04:11:49.941041,5662.759,1.995
2018-04-04,04:11:51.064508,5655.433,1.995
2018-04-04,04:11:52.183064,5650.549,1.995
2018-04-04,04:11:53.306367,5660.317,1.995
2018-04-04,04:11:54.431148,5665.201,1.995
2018-04-04,04:11:55.551163,5670.085,1.995
2018-04-04,04:11:56.670758,5670.085,1.995
2018-04-04,04:11:57.803513,5665.201,1.995
2018-04-04,04:11:58.923471,5657.875,1.996
2018-04-04,04:12:00.042776,5674.969,1.995
2018-04-04,04:12:01.161838,5674.969,1.995
2018-04-04,04:12:02.280969,5674.969,1.995
2018-04-04,04:12:03.401015,5674.969,1.995
2018-04-04,04:12:04.531701,5677.411,1.995
2018-04-04,04:12:05.652391,5674.969,1.996
2018-04-04,04:12:06.771708,5677.411,1.995
2018-04-04,04:12:07.891036,5670.085,1.996
2018-04-04,04:12:09.010514,5679.853,1.995
2018-04-04,04:12:10.130245,5677.411,1.995
2018-04-04,04:12:11.255453,5672.527,1.995
2018-04-04,04:12:12.374022,5674.969,1.996
2018-04-04,04:12:13.493146,5672.527,1.995
2018-04-04,04:12:14.611383,5670.085,1.995
2018-04-04,04:12:15.733366,5687.179,1.995
2018-04-04,04:12:16.854388,5672.527,1.995
2018-04-04,04:12:17.972901,5674.969,1.995
2018-04-04,04:12:19.097674,5657.875,1.995
2018-04-04,04:12:20.226761,5662.759,1.995
2018-04-04,04:12:21.356446,5665.201,1.995
2018-04-04,04:12:22.476582,5652.991,1.995
2018-04-04,04:12:23.596776,5652.991,1.995
2018-04-04,04:12:24.717621,5670.085,1.995
2018-04-04,04:12:25.840736,5667.643,1.996
2018-04-04,04:12:26.964312,5667.643,1.996
2018-04-04,04:12:28.089278,5670.085,1.995
2018-04-04,04:12:29.215326,5679.853,1.995
2018-04-04,04:12:30.335006,5682.295,1.995
2018-04-04,04:12:31.454719,5677.411,1.995
2018-04-04,04:12:32.573735,5674.969,1.995
2018-04-04,04:12:33.693464,5667.643,1.995
2018-04-04,04:12:34.819019,5674.969,1.995
2018-04-04,04:12:35.938963,5674.969,1.995
2018-04-04,04:12:37.058942,5677.411,1.995
2018-04-04,04:12:38.182808,5674.969,1.995
2018-04-04,04:12:39.302489,5672.527,1.995
2018-04-04,04:12:40.428457,5667.643,1.995
2018-04-04,04:12:41.548841,5667.643,1.995
2018-04-04,04:12:42.667511,5670.085,1.995
2018-04-04,04:12:43.786948,5670.085,1.995
2018-04-04,04:12:44.905567,5672.527,1.995
2018-04-04,04:12:46.025058,5650.549,1.996
2018-04-04,04:12:47.151902,5670.085,1.996
2018-04-04,04:12:48.272407,5665.201,1.995
2018-04-04,04:12:49.394319,5665.201,1.995
2018-04-04,04:12:50.515423,5660.317,1.996
2018-04-04,04:12:51.635314,5650.549,1.996
2018-04-04,04:12:52.767315,5650.549,1.996
2018-04-04,04:12:54.391663,5657.875,1.995
2018-04-04,04:12:55.511587,5662.759,1.996
2018-04-04,04:12:56.630979,5657.875,1.995
2018-04-04,04:12:57.750886,5677.411,1.995
2018-04-04,04:12:58.869143,5670.085,1.996
2018-04-04,04:13:00.001197,5665.201,1.995
2018-04-04,04:13:01.121793,5648.107,1.995
2018-04-04,04:13:02.242357,5670.085,1.995
2018-04-04,04:13:03.361032,5672.527,1.996
2018-04-04,04:13:04.480922,5672.527,1.995
2018-04-04,04:13:05.600584,5672.527,1.995
2018-04-04,04:13:06.729077,5677.411,1.995
2018-04-04,04:13:07.848316,5670.085,1.995
2018-04-04,04:13:08.968475,5667.643,1.995
2018-04-04,04:13:10.088962,5672.527,1.995
2018-04-04,04:13:11.210317,5670.085,1.995
2018-04-04,04:13:12.329721,5667.643,1.996
2018-04-04,04:13:13.451037,5665.201,1.995
2018-04-04,04:13:14.578333,5689.621,1.995
2018-04-04,04:13:15.698841,5670.085,1.995
2018-04-04,04:13:16.819235,5670.085,1.995
2018-04-04,04:13:17.940308,5662.759,1.995
2018-04-04,04:13:19.059578,5662.759,1.995
2018-04-04,04:13:20.179745,5670.085,1.996
2018-04-04,04:13:21.309740,5655.433,1.995
2018-04-04,04:13:22.439451,5640.781,1.995
2018-04-04,04:13:24.697005,5670.085,1.995
2018-04-04,04:13:25.820319,5670.085,1.995
2018-04-04,04:13:26.942929,5667.643,1.996
2018-04-04,04:13:28.069456,5674.969,1.996
2018-04-04,04:13:29.191557,5672.527,1.995
2018-04-04,04:13:30.310823,5674.969,1.995
2018-04-04,04:13:31.432405,5672.527,1.996
2018-04-04,04:13:32.558090,5670.085,1.996
2018-04-04,04:13:33.679360,5670.085,1.995
2018-04-04,04:13:34.798908,5684.737,1.996
2018-04-04,04:13:35.919346,5677.411,1.995
2018-04-04,04:13:37.039862,5672.527,1.996
2018-04-04,04:13:38.172564,5672.527,1.996
2018-04-04,04:13:39.291610,5670.085,1.995
2018-04-04,04:13:40.412743,5662.759,1.995
2018-04-04,04:13:41.533158,5672.527,1.996
2018-04-04,04:13:42.652459,5672.527,1.995
2018-04-04,04:13:43.773112,5674.969,1.996
2018-04-04,04:13:44.899853,5667.643,1.995
2018-04-04,04:13:46.020245,5667.643,1.995
2018-04-04,04:13:47.139341,5667.643,1.995
2018-04-04,04:13:48.259748,5670.085,1.995
2018-04-04,04:13:49.380976,5662.759,1.995
2018-04-04,04:13:50.501294,5667.643,1.995
2018-04-04,04:13:51.621470,5662.759,1.996
2018-04-04,04:13:52.743169,5650.549,1.996
2018-04-04,04:13:55.067368,5657.875,1.995
2018-04-04,04:13:56.186661,5662.759,1.996
2018-04-04,04:13:57.305614,5667.643,1.995
2018-04-04,04:13:58.424729,5665.201,1.995
2018-04-04,04:13:59.544469,5670.085,1.995
2018-04-04,04:14:00.663832,5672.527,1.995
2018-04-04,04:14:01.783221,5667.643,1.995
2018-04-04,04:14:02.902712,5672.527,1.995
2018-04-04,04:14:04.021997,5674.969,1.996
2018-04-04,04:14:05.141891,5667.643,1.995
2018-04-04,04:14:06.266229,5672.527,1.995
2018-04-04,04:14:07.387180,5670.085,1.995
2018-04-04,04:14:08.508048,5665.201,1.995
2018-04-04,04:14:09.628853,5665.201,1.995
2018-04-04,04:14:10.751119,5667.643,1.996
2018-04-04,04:14:11.870760,5682.295,1.995
2018-04-04,04:14:12.989951,5670.085,1.996
2018-04-04,04:14:14.108934,5667.643,1.995
2018-04-04,04:14:15.228585,5667.643,1.996
2018-04-04,04:14:16.347906,5667.643,1.995
2018-04-04,04:14:17.467948,5667.643,1.995
2018-04-04,04:14:18.586918,5662.759,1.996
2018-04-04,04:14:19.706205,5682.295,1.996
2018-04-04,04:14:20.826664,5645.665,1.995
2018-04-04,04:14:21.945962,5660.317,1.995
2018-04-04,04:14:23.065463,5650.549,1.996
2018-04-04,04:14:26.373197,5667.643,1.995
2018-04-04,04:14:27.492787,5662.759,1.995
2018-04-04,04:14:28.611627,5665.201,1.995
2018-04-04,04:14:29.731438,5670.085,1.995
2018-04-04,04:14:30.851404,5670.085,1.996
2018-04-04,04:14:31.971498,5662.759,1.995
2018-04-04,04:14:33.091268,5662.759,1.995
2018-04-04,04:14:34.210296,5665.201,1.995
2018-04-04,04:14:35.329857,5667.643,1.995
2018-04-04,04:14:36.448919,5672.527,1.995
2018-04-04,04:14:37.568841,5665.201,1.995
2018-04-04,04:14:38.700874,5660.317,1.996
2018-04-04,04:14:39.825660,5662.759,1.996
2018-04-04,04:14:40.948905,5665.201,1.995
2018-04-04,04:14:42.071189,5674.969,1.995
2018-04-04,04:14:43.195332,5670.085,1.995
2018-04-04,04:14:44.315647,5662.759,1.995
2018-04-04,04:14:45.437430,5655.433,1.995
2018-04-04,04:14:46.562452,5667.643,1.996
2018-04-04,04:14:47.686781,5662.759,1.995
2018-04-04,04:14:48.809689,5665.201,1.995
2018-04-04,04:14:49.930753,5660.317,1.996
2018-04-04,04:14:51.061339,5657.875,1.995
2018-04-04,04:14:52.182800,5660.317,1.995
2018-04-04,04:14:53.302743,5645.665,1.995
2018-04-04,04:14:54.422532,5643.223,1.996
2018-04-04,04:14:55.541553,5648.107,1.995
2018-04-04,04:14:56.662402,5652.991,1.995
2018-04-04,04:14:57.781956,5660.317,1.996
2018-04-04,04:14:58.901071,5655.433,1.995
2018-04-04,04:15:00.028220,5660.317,1.995
2018-04-04,04:15:01.148255,5665.201,1.995
2018-04-04,04:15:02.268065,5670.085,1.995
2018-04-04,04:15:03.388532,5687.179,1.996
2018-04-04,04:15:04.508132,5665.201,1.995
2018-04-04,04:15:05.627234,5667.643,1.995
2018-04-04,04:15:06.752469,5662.759,1.995
2018-04-04,04:15:07.872952,5662.759,1.995
2018-04-04,04:15:08.992984,5665.201,1.995
2018-04-04,04:15:10.116210,5648.107,1.995
2018-04-04,04:15:11.236133,5672.527,1.995
2018-04-04,04:15:12.359022,5662.759,1.995
2018-04-04,04:15:13.477876,5694.505,1.995
2018-04-04,04:15:14.597939,5667.643,1.995
2018-04-04,04:15:15.719917,5667.643,1.996
2018-04-04,04:15:16.839263,5670.085,1.995
2018-04-04,04:15:17.960815,5662.759,1.995
2018-04-04,04:15:19.086323,5670.085,1.995
2018-04-04,04:15:20.205697,5662.759,1.996
2018-04-04,04:15:21.326322,5665.201,1.996
2018-04-04,04:15:22.446590,5657.875,1.996
2018-04-04,04:15:23.567523,5645.665,1.995
2018-04-04,04:15:25.926383,5662.759,1.995
2018-04-04,04:15:27.046439,5665.201,1.996
2018-04-04,04:15:28.165795,5667.643,1.995
2018-04-04,04:15:29.284948,5662.759,1.995
2018-04-04,04:15:30.402914,5660.317,1.995
2018-04-04,04:15:31.522176,5667.643,1.995
2018-04-04,04:15:32.642716,5662.759,1.995
2018-04-04,04:15:33.766464,5665.201,1.996
2018-04-04,04:15:34.886990,5665.201,1.995
2018-04-04,04:15:36.005546,5662.759,1.996
2018-04-04,04:15:37.124343,5662.759,1.995
2018-04-04,04:15:38.244029,5667.643,1.996
2018-04-04,04:15:39.363105,5662.759,1.996
2018-04-04,04:15:40.481520,5662.759,1.995
2018-04-04,04:15:41.600829,5660.317,1.995
2018-04-04,04:15:42.726549,5660.317,1.995
2018-04-04,04:15:43.856104,5660.317,1.995
2018-04-04,04:15:44.975886,5652.991,1.995
2018-04-04,04:15:46.097383,5670.085,1.995
2018-04-04,04:15:47.216924,5657.875,1.996
2018-04-04,04:15:48.337689,5665.201,1.995
2018-04-04,04:15:49.456819,5660.317,1.995
2018-04-04,04:15:50.576462,5657.875,1.996
2018-04-04,04:15:51.698809,5655.433,1.995
2018-04-04,04:15:52.820013,5660.317,1.996
2018-04-04,04:15:53.940430,5643.223,1.995
2018-04-04,04:15:55.059599,5657.875,1.995
2018-04-04,04:15:56.183212,5645.665,1.995
2018-04-04,04:15:57.303917,5640.781,1.995
2018-04-04,04:15:58.423950,5635.897,1.995
2018-04-04,04:15:59.695426,5645.665,1.996
2018-04-04,04:16:00.814991,5650.549,1.995
2018-04-04,04:16:01.934057,5667.643,1.996
2018-04-04,04:16:03.053270,5689.621,1.995
2018-04-04,04:16:04.173477,5662.759,1.996
2018-04-04,04:16:05.292442,5662.759,1.996
2018-04-04,04:16:06.411564,5655.433,1.995
2018-04-04,04:16:07.530744,5670.085,1.995
2018-04-04,04:16:08.651457,5667.643,1.995
2018-04-04,04:16:09.772296,5667.643,1.996
2018-04-04,04:16:10.890854,5665.201,1.996
